2725 3892
941 189 1216 241 mom
1259 188 1591 243 ARNEIDOS
1634 190 1749 241 ΧΠ.

327 352 580 423 Iuppiter
601 353 720 423 ipse
743 351 880 407 duas
903 357 1138 421 aequato
1163 352 1419 407 examine
1442 351 1629 407 lances

329 440 591 509 Sustinet,
619 445 682 516 et,
700 440 814 494 fata
837 438 1048 535 51130115
1101 438 1322 527 diversa
1345 438 1609 533 duorumt

329 524 505 593 Quem
531 518 758 581 damnet
783 504 954 604 liffor,
985 500 1054 579 {f
1105 518 1178 580 (so
1203 506 1399 595 vergat
1422 508 1885 634 pB'ndefesl‘etu‘m.

325 614 542 669 Emieat
567 614 674 681 hie,
703 613 818 682 imp
859 630 928 667 ne
953 599 1124 682 puthn
1201 618 1258 667 et
1281 629 1517 681 corpore
1540 618 1663 669 toto
1854 620 1945 675 ς

327 700 460 754 Alte
485 699 764 755 sublatum
821 699 1072 767 onem-git
1097 699 1141 752 T
1207 716 1314 753 nus
1337 700 1397 753 in
1422 711 1627 769 ensem,

326 786 400 841 Et
425 760 612 881 ferit]
645 786 976 841 Exclamant
1001 785 1172 841 Troes
1195 786 1507 856 trepidique
1530 786 1728 856 Latini,

327 876 708 943 Arrectaeque
729 872 1020 929 amborum
1047 873 1205 927 acies.
1281 874 1364 927 At
1388 872 1629 942 perfidus
1650 874 1798 929 ensis

327 960 638 1029 Frangitur,
665 961 723 1013 in
750 959 1044 1029 medioque
1069 959 1356 1015 ardentem
1380 960 1587 1015 deserit
1610 962 1739 1029 ictu,

329 1046 403 1100 Ni
429 1048 558 1115 fuga
581 1046 827 1101 subsidio
852 1046 1062 1101 subeat.
1137 1045 1304 1115 Fugit
1329 1047 1483 1100 ocior
1504 1046 1669 1113 Euro,

327 1132 407 1187 Ut
429 1132 680 1202 capulum
707 1132 960 1201 ignotum
987 1132 1350 1200 dextramque
1374 1134 1589 1203 aspexit
1612 1134 1899 1191 inermem.

329 1220 498 1275 Fama
521 1224 622 1288 est,
651 1218 1028 1289 praecipitem,
1057 1236 1182 1275 eum
1209 1220 1389 1289 prima
1412 1221 1468 1273 in
1496 1222 1703 1288 proelia
1728 1222 1950 1276 iunctos
2054 1224 2075 1241 ⁸

329 1306 748 1362 Conscendebat
773 1322 959 1375 equos,
987 1307 1170 1375 patrio
1197 1324 1463 1363 mucrone
1486 1307 1699 1377 relicto,

327 1393 476 1447 Dum
501 1392 758 1461 trepidat,
787 1392 994 1447 ferrum
1021 1394 1246 1462 aurigae
1269 1395 1517 1465 rapuisse
1548 1394 1798 1463 Metisci3

327 1480 504 1549 quue
525 1479 638 1549 diu,
665 1479 797 1535 dum
823 1484 982 1549 terga
1005 1480 1216 1537 dabant
1241 1482 1487 1551 palantia
1518 1482 1729 1551 Teucri,

327 1568 588 1637 Suffecit3
627 1560 920 1639 postquam
947 1586 1100 1625 arms
1123 1570 1212 1625 dei
1237 1571 1310 1624 ad
1335 1570 1611 1626 Volcania
1634 1576 1865 1625 ventum
1888 1574 1989 1637 est,

327 1654 581 1709 Mortalis
603 1672 811 1725 mucro,
841 1656 1044 1725 glacies
1069 1674 1166 1712 ceu
1191 1656 1413 1727 futtilis,
1442 1658 1559 1713 ictu

327 1742 612 1811 Dissiluit3
651 1742 808 1797 fulva
831 1743 1147 1813 resplendet
1170 1744 1427 1813 fragmen
1450 1745 1673 1800 harena.

327 1831 478 1901 Ergo
501 1848 692 1887 amens
715 1832 936 1889 diversa
961 1834 1090 1901 fuga
1111 1832 1254 1903 p‘etit
1276 1850 1517 1903 aequora
1540 1833 1771 1903 Turnus,

327 1919 404 1973 Et
426 1935 574 1975 nunc
597 1920 722 1988 huc,
751 1920 884 1975 inde
907 1920 1019 1977 huc
1042 1921 1285 1977 incertos
1307 1922 1557 1991 implicat
1580 1923 1759 1991 orbis3

328 2006 586 2076 Undique
610 2008 758 2061 enim
783 2007 980 2062 Teucri
1001 2006 1172 2063 densa
1193 2008 1466 2063 inclusere
1490 2026 1708 2079 corona,

329 2096 518 2165 Atque
541 2096 672 2153 hinc
697 2102 853 2153 vasta
877 2097 1050 2167 palus,
1080 2098 1211 2153 hinc
1237 2098 1411 2154 ardua
1432 2100 1652 2155 moenia
1674 2100 1917 2169 cingunt.

401 2184 520 2239 Nec
544 2186 726 2239 minus
751 2186 986 2255 Aeneas,
1015 2202 1344 2256 quamquam
1372 2172 1631 2243 tardante
1654 2188 1855 2256 sagitta

329 2272 613 2329 Interdum
637 2292 818 2345 genua
841 2276 1152 2345 impediunt
1175 2290 1505 2345 cursumque
1528 2280 1799 2341 recusant,

329 2358 658 2431 Insequitur,
689 2362 1001 2433 trepidique
1023 2362 1218 2433 pedem
1245 2364 1387 2432 pede
1410 2363 1653 2418 fervidus
1678 2366 1865 2431 urget:

329 2446 607 2503 Inclusum
633 2449 805 2503 veluti
831 2451 877 2503 si
901 2450 1122 2519 quando
1149 2450 1377 2505 flumine
1400 2458 1597 2505 nactus

329 2532 586 2601 Cervam,
615 2540 712 2589 aut
735 2535 1004 2604 puniceae
1031 2541 1282 2605 saeptum
1309 2536 1607 2591 formidine
1632 2548 1863 2604 pennae,

329 2620 584 2677 Venator
607 2638 768 2677 cursu
797 2623 950 2677 canis
975 2630 1032 2677 et
1057 2623 1348 2678 latratibus
1372 2624 1576 2689 instat3

328 2706 430 2763 Ille
453 2714 653 2773 autem,
681 2708 896 2763 insidiis
920 2714 978 2763 et
1002 2710 1125 2779 ripa
1147 2712 1377 2764 territus
1400 2709 1527 2776 alta,

327 2792 480 2848 Mille
502 2795 648 2863 fugit
671 2795 982 2866 refugitque
1007 2797 1152 2865 vias3
1195 2803 1254 2853 at
1277 2796 1496 2851 vividus
1522 2794 1729 2851 Umber

328 2880 538 2936 Haeret
559 2880 736 2952 hians,
764 2883 875 2939 iam
899 2884 1115 2952 iamque
1143 2888 1312 2951 tenet,
1345 2882 1645 2950 similisque
1668 2878 1885 2935 tenenti

326 2966 610 3038 Increpuit
633 2970 806 3039 malis,
833 2986 1132 3040 morsuque
1155 2970 1338 3023 elusus
1361 2969 1517 3023 inani
1542 2976 1643 3023 est.

327 3054 466 3109 Tum
491 3072 624 3109 vero
651 3058 898 3112 exoritur
922 3056 1146 3118 clamor,
1176 3058 1437 3125 ripaeque
1460 3055 1723 3125 lacusque

326 3140 678 3211 Responsant
703 3144 860 3209 circa,
890 3147 948 3196 et
969 3143 1182 3197 eaelum
1207 3148 1372 3197 tonat
1397 3158 1562 3198 omne
1587 3127 1845 3197 tumultu.

327 3227 428 3282 Ille
453 3229 617 3283 simul
641 3230 861 3297 fugiens
884 3228 1118 3283 Rutulos
1143 3229 1303 3283 simul
1328 3231 1581 3301 increpat
1606 3229 1798 3298 omnis,

324 3314 564 3369 Nomine
589 3332 860 3385 quemque
885 3332 1102 3385 vocans,
1129 3322 1439 3387 notumque
1462 3318 1727 3388 efflagitat
1748 3330 1955 3371 ensem.

327 3401 548 3455 Aeneas
571 3408 808 3455 mortem
835 3408 1029 3458 contra
1051 3420 1423 3474 praesensque
1446 3406 1693 3460 minatur

323 3484 588 3554 Exitium,
616 3488 662 3541 si
687 3488 971 3558 quisquam
995 3488 1170 3557 adeat,
1198 3496 1481 3561 terretque
1506 3490 1811 3559 trementis,

2262 354 2367 413 ‘125

2260 1221 2365 1278 '185

2260 1654 2366 1711 740

2260 2094 2365 2151 '145

2260 2531 2367 2587 ‘150

2260 2964 2363 3023 '155

2260 3400 2365 3456 '160
