2725 3892
967 183 1242 236 vniam
1285 185 1617 237 AENEIDOS
1658 186 1725 237 11.

315 349 596 406 Praedam
621 347 1006 403 adservabant.
1086 345 1209 401 Hue
1233 347 1479 416 undique
1504 347 1669 402 Troia
1692 363 1830 418 gaza

319 436 568 492 Inoeusis
594 440 788 503 erepta
813 433 1012 502 adytis,
1038 448 1372 502 mensaeque
1396 432 1644 501 deorum,

326 523 691 592 Crateresque
715 536 852 575 auro
878 519 1056 589 solidi,
1085 520 1413 588 captivaque
1442 519 1611 574 vestis

327 609 679 678 Congeritur.
753 606 919 660 Pueri
947 611 1004 660 et
1027 605 1264 674 pavidae
1289 605 1457 674 longo
1482 605 1677 660 ordine
1700 611 1907 662 matres

329 695 492 750 Stant
516 696 743 750 circum.

330 783 514 836 Ausus
537 782 670 851 quin
697 781 863 834 etiam
894 795 1056 834 voees
1085 779 1292 834 iactare
1319 796 1417 849 per
1444 779 1695 833 umbram

329 867 560 937 Implevi
589 866 828 922 clamore
851 866 986 934 vias,
1017 871 1371 934 maestusque
1396 865 1661 919 Creusam

329 952 676 1024 Nequiquam
697 953 1043 1022 ingeminans
1075 952 1387 1020 iterumque
1411 951 1721 1020 iterumque
1750 951 1955 1007 vocavi.

327 1040 629 1106 Quaerenti
656 1045 712 1094 et
737 1040 900 1094 tectis
925 1039 1076 1094 urbis
1100 1038 1218 1092 sine
1251 1035 1363 1090 fine
1389 1036 1592 1090 furenti

325 1125 529 1180 Infelix
553 1125 904 1180 simulacrum
931 1131 1094 1194 atque
1119 1125 1294 1194 ipsius
1321 1123 1521 1178 umbra
1544 1123 1783 1179 Creusae

328 1212 468 1266 Visa
489 1211 628 1265 mibi
652 1217 782 1266 ante
806 1210 994 1266 oeulos
1017 1217 1076 1266 et
1101 1216 1236 1265 nota
1259 1210 1435 1264 maior
1459 1209 1657 1280 imago.

327 1299 601 1368 Obstipui,
625 1303 1006 1368 steteruntque
1032 1314 1222 1352 eomas
1249 1301 1306 1351 et
1330 1313 1443 1350 vox
1467 1296 1718 1351 faucibus
1742 1297 1936 1352 haesit.

326 1384 466 1440 Tum
491 1385 570 1440 sie
593 1383 773 1439 adfari
799 1390 856 1439 et
879 1401 1038 1439 ouras
1061 1385 1150 1438 his
1177 1384 1399 1438 demere
1426 1382 1619 1437 dietis:

328 1473 365 1502 ‘⁴
381 1471 526 1537 Quid
548 1476 769 1526 tantum
791 1471 988 1526 insano
1012 1471 1165 1526 iuvat
1194 1470 1480 1540 indulgere
1504 1469 1701 1537 dolori,

328 1557 378 1612 Ο
402 1557 578 1612 duleis
600 1558 880 1613 coniunx?
905 1574 1022 1612 non
1047 1558 1184 1612 haee
1209 1558 1330 1614 eine
1355 1558 1583 1610 numine
1610 1556 1797 1611 divom

325 1643 637 1713 Eveniunt3
678 1661 783 1698 nee
806 1649 862 1698 te
886 1644 1018 1698 hine
1045 1645 1302 1698 eomitem
1329 1649 1615 1713 asportare
1640 1642 1901 1697 Creusam

327 1730 433 1784 Fas
457 1738 553 1786 aut
575 1731 668 1786 ille
692 1732 827 1785 sinit
850 1731 1036 1800 superi
1063 1737 1324 1800 regnator
1351 1729 1593 1799 Olympi.

327 1817 516 1887 Longa
536 1817 640 1872 tibi
663 1817 872 1886 exsilia,
900 1823 959 1871 et
983 1823 1202 1872 vastum
1229 1817 1399 1872 maris
1428 1833 1632 1886 aequor
1656 1816 1940 1887 arandum,

327 1903 402 1957 Et
423 1909 630 1959 terram
657 1903 978 1974 Hesperiam
1005 1905 1206 1972 venies
1237 1904 1334 1959 ubi
1361 1903 1571 1971 Lydius
1594 1919 1728 1957 arva

325 1989 483 2045 Inter
507 1991 692 2060 opima
714 1991 894 2044 virum
921 1990 1030 2044 leni
1055 1990 1178 2045 fluit
1206 1992 1425 2060 agmine
1451 1992 1718 2059 Thybris:

326 2077 448 2131 mio
471 2093 562 2130 res
583 2076 760 2130 laetae
785 2092 1126 2146 regnumque
1152 2083 1212 2132 et
1234 2078 1389 2146 regia
1410 2079 1651 2132 coniunx

326 2163 496 2217 Parta
519 2162 638 2218 tibi.
711 2162 988 2218 Lacrimas
1011 2163 1248 2219 dilectae
1278 2164 1425 2233 pelle
1450 2164 1720 2221 Creusae:

327 2249 458 2304 Non
481 2265 586 2318 ego
610 2248 1022 2318 Myrmidonum
1049 2250 1208 2306 sedes
1233 2250 1578 2322 Dolopumve
1604 2255 1865 2323 superbas

326 2335 626 2406 Aspiciam,
656 2341 754 2392 aut
775 2336 940 2392 Grais
962 2338 1226 2392 servitum
1249 2340 1521 2395 matribus
1544 2341 1651 2410 ibo,

325 2423 612 2494 Dardanis,
641 2429 700 2478 et
721 2423 882 2479 divae
909 2424 1148 2480 Veneris
1171 2442 1377 2495 nurus;

325 2509 434 2563 Sed
455 2524 546 2564 me
569 2526 772 2580 magna
794 2510 958 2564 deum
981 2510 1254 2565 Genetrix
1277 2511 1366 2566 his
1392 2511 1605 2567 detinet
1628 2513 1757 2567 oris.

325 2595 549 2664 Iamque
571 2595 713 2664 vale,
741 2600 798 2650 et
821 2596 938 2650 nati
965 2613 1126 2651 serva
1154 2600 1464 2654 eommunis
1488 2600 1792 2656 amorem.”

323 2681 478 2736 Haeo
499 2681 597 2737 ubi
619 2681 771 2737 dieta
793 2682 962 2750 dedit,
991 2682 1374 2740 lacrimantem
1408 2690 1467 2740 et
1488 2686 1665 2741 multa
1689 2686 1968 2742 volentem

321 2767 522 2824 Dicere
543 2768 806 2838 deseruit,
831 2770 1120 2840 tenuisque
1149 2773 1381 2828 reeessit
1403 2774 1461 2828 in
1487 2789 1663 2829 auras.

323 2853 432 2909 Ter
451 2861 684 2910 eonatus
703 2855 784 2909 ibi
809 2856 954 2910 eollo
979 2857 1114 2912 dare
1143 2858 1402 2914 braeehia
1425 2859 1661 2929 eircum3

322 2939 430 2994 Ter
451 2941 664 2996 frustra
683 2957 1008 3011 comprensa
1027 2959 1226 2998 manus
1249 2945 1444 3012 effugit
1466 2945 1664 3016 imago,

321 3025 434 3080 Par
453 3026 668 3082 levibus
692 3029 874 3082 ventis
899 3029 1218 3099 volucrique
1241 3031 1526 3088 simillima
1544 3047 1754 3088 somno·

394 3113 486 3168 Sie
507 3113 729 3168 demum
753 3116 935 3170 socios
961 3121 1290 3185 consumpta
1311 3123 1477 3174 noete
1501 3119 1699 3173 reviso.

324 3199 512 3270 Atque
533 3200 626 3255 hio
648 3201 932 3270 ingentem
958 3201 1225 3255 comitum
1251 3202 1544 3258 adfluxisse
1566 3220 1837 3259 novorum

322 3285 554 3341 Invenio
577 3287 858 3343 admirans
879 3303 1190 3358 numerum,
1219 3293 1549 3359 matresque,
1575 3291 1847 3361 virosque,

323 3371 628 3430 Colleotam
654 3373 848 3430 exsilio
869 3375 1086 3445 pubem,
1113 3374 1425 3430 miserabile
1448 3377 1659 3446 volgus.

323 3458 582 3531 Undique
605 3477 930 3532 convenere,
959 3461 1156 3517 animis
1180 3461 1483 3531 opibusque
1505 3461 1700 3532 parati,

2259 519 2363 578 ’1⁶5

2258 951 2363 1010 ’1¹70

2256 1384 2360 1442 '775

2252 1817 2357 1874 780

2252 2252 2355 2312 '185

2250 2685 2355 2745 '790

2251 3115 2355 3174 '795
