2725 3892
945 219 1222 271 VERGIM
1265 217 1596 270 Anunlnos
1643 219 1732 270 vl.

323 381 473 451 llice,
501 383 580 438 sic
603 381 717 436 leni
741 381 1050 450 crepitabat
1073 382 1299 436 bractea
1324 384 1512 435 vento.

323 470 572 538 Corripit
596 469 816 524 Aeneas
839 465 1120 538 extemplo
1146 467 1447 536 avidusque
1472 465 1731 536 refringit

323 555 709 622 Cunctantem,
739 560 795 608 et
821 555 963 609 vatis
986 558 1176 624 portat
1201 553 1300 608 sub
1329 557 1483 607 tecta
1506 551 1761 619 Sibyllae.

395 642 516 696 Nec
538 643 724 696 minus
748 641 958 696 interea
983 640 1253 695 Misenum
1279 639 1338 694 in
1365 638 1531 693 litore
1555 637 1751 693 Teucri

322 729 570 795 Flebant,
601 735 658 783 et
682 728 850 782 cineri
877 728 1097 796 ingrato
1127 741 1387 795 suprema
1408 725 1684 802 ferebant..

321 814 602 884 Principio
626 816 886 886 pinguem
911 813 1090 868 taedis
1119 821 1176 868 et
1201 813 1403 866 robore
1426 818 1582 866 secto

323 901 613 971 Ingentem
640 907 890 956 struxere
915 917 1129 970 pyram,
1165 899 1254 954 cni
1279 899 1570 953 frondibus
1594 899 1730 952 atris

323 987 590 1042 lntexunt
613 988 799 1054 latera,
828 994 885 1042 et
910 987 1094 1041 feralis
1121 993 1252 1040 ante
1281 1002 1572 1056 cupressos

323 1074 699 1140 Constituant‚
727 1074 1100 1144 decorantque
1127 1089 1294 1143 super
1315 1072 1659 1142 fulgentibus
1684 1071 1865 1127 armis.

321 1161 461 1216 Pars
485 1162 690 1217 calidos
713 1162 906 1216 latices
929 1166 988 1216 et
1011 1167 1152 1216 aena
1177 1159 1445 1214 undantia
1468 1159 1703 1214 flammis

321 1247 654 1318 Expedinnt,
682 1265 989 1318 corpusque
1015 1247 1206 1302 lavant
1231 1247 1489 1315 frigentis
1513 1251 1571 1300 et
1594 1249 1863 1315 unguunt.

323 1335 414 1390 Fit
437 1337 691 1404 gemitus.
766 1335 905 1390 Tum
929 1335 1180 1390 membra
1203 1342 1330 1389 toro
1357 1331 1559 1388 defleta
1581 1338 1874 1402 reponunt,

323 1421 742 1491 Purpureusque
765 1437 930 1491 super
955 1427 1150 1490 vestes,
1182 1420 1459 1474 velamina
1482 1425 1632 1488 nota,

326 1507 636 1562 Coniciunt.
711 1506 851 1562 Pars
875 1508 1087 1576 ingenti
1115 1507 1334 1562 subiere
1362 1507 1591 1576 feretr0,

325 1593 502 1648 Triste
527 1593 908 1661 ministerium,
937 1599 996 1648 et
1019 1593 1326 1648 subiectam
1351 1610 1507 1648 more
1532 1599 1825 1664 parentum

323 1681 524 1734 Aversi
551 1687 778 1735 tenuere
803 1681 997 1735 facem.
1073 1680 1351 1750 Congesta
1376 1685 1692 1735 cremantur

325 1765 502 1821 Turea
522 1767 685 1834 dona,
713 1767 898 1837 dapes,
927 1767 1050 1821 fuso
1076 1771 1316 1822 crateres
1340 1767 1507 1822 olivo.

324 1854 622 1923 Postquam
647 1854 890 1923 conlapsi
919 1853 1133 1908 cineres
1158 1859 1214 1908 et
1237 1853 1461 1909 flamma
1493 1855 1721 1924 quievit,

327 1940 602 2011 Reliquias
625 1941 756 1995 vino
781 1945 838 1995 et
863 1940 1107 1995 bibulam
1135 1941 1320 1995 lavere
1347 1941 1610 2010 favillam,

326 2028 568 2098 Ossaque
591 2028 737 2082 lecta
761 2027 900 2082 cado
925 2029 1064 2083 texit
1091 2027 1413 2096 Corynaeus
1440 2035 1594 2082 aen0.

271 2136 278 2144 ·
325 2114 476 2169 Idem
505 2121 590 2168 ter
613 2115 792 2170 socios
816 2131 956 2184 pura
979 2114 1320 2169 circumtulit
1345 2113 1509 2180 unda,

323 2201 600 2271 Spargeus
623 2218 750 2255 rore
772 2201 882 2256 levi
907 2208 966 2272 et
989 2217 1144 2255 ramo
1171 2200 1346 2254 felicis
1372 2199 1566 2268 olivae,

323 2288 712 2357 Lustravitque
737 2288 901 2355 viros,
931 2288 1183 2358 dixitque
1211 2287 1511 2342 novissima
1536 2289 1722 2343 verba.

326 2376 405 2429 At
427 2375 552 2444 pius
577 2375 799 2429 Aeneas
823 2374 1036 2443 ingenti
1062 2373 1210 2428 mole
1235 2373 1547 2443 sepulcrum

324 2460 582 2529 Imponit,
610 2475 820 2530 suaque
840 2476 994 2516 arma
1017 2461 1141 2515 viro
1167 2477 1489 2530 remumque
1513 2462 1828 2534 tubamque,

325 2545 514 2602 Monte
539 2547 644 2602 sub
667 2547 832 2614 aerio,
862 2547 953 2618 qui
980 2564 1128 2601 nunc
1153 2546 1399 2602 Misenus
1424 2549 1492 2602 ab
1520 2547 1615 2602 illo

323 2631 557 2701 Dicitur,
586 2639 978 2703 aeternumque
1003 2639 1157 2689 tenet
1181 2651 1281 2704 per
1306 2635 1522 2690 saecula
1546 2652 1768 2692 nomen.

394 2721 495 2775 His
520 2722 658 2776 actis
680 2737 920 2790 propere
943 2722 1262 2790 exsequitur
1286 2727 1581 2791 praecepta
1606 2721 1862 2789 Sibyllae.

323 2807 598 2877 Spelunca
618 2806 734 2861 alta
753 2807 866 2860 fuit
891 2811 1158 2876 vastoque
1183 2807 1443 2862 immanis
1465 2807 1637 2873 hiatu,

323 2893 580 2963 Sonipes,
609 2899 732 2948 tuta
754 2892 876 2948 lacu
903 2895 1062 2962 nigro
1088 2909 1491 2964 nemorumque
1518 2895 1777 2962 tenebris,

325 2980 502 3046 Quam
529 2997 696 3049 super
719 2980 867 3034 haud
891 2981 1036 3036 ullae
1060 2985 1324 3051 poterant
1348 2983 1577 3050 impune
1600 2981 1852 3036 volantes

321 3066 570 3122 Tendere
595 3069 700 3122 iter
725 3068 952 3137 pennis:
993 3068 1120 3123 talis
1143 3085 1263 3122 sese
1290 3069 1498 3123 halitus
1524 3069 1658 3122 atris

321 3152 594 3208 Faucibus
618 3153 910 3208 effundens
936 3149 1132 3224 supera
1155 3155 1224 3209 ad
1251 3171 1499 3210 convexa
1528 3154 1773 3211 ferebat:

323 3237 506 3308 [Unde
530 3239 712 3294 locum
740 3241 874 3293 Grai
898 3240 1158 3294 dixerunt
1180 3241 1407 3296 nomine
1435 3241 1711 3310 Aornon.]

323 3325 600 3392 Quattuor
621 3326 716 3381 hic
740 3326 978 3395 primum
1004 3328 1277 3395 nigrantis
1301 3333 1463 3397 terga
1486 3329 1753 3383 iuvencos

323 3411 627 3467 Constituit
649 3411 930 3479 frontique
955 3413 1196 3481 invergit
1219 3412 1350 3467 vina
1380 3413 1653 3480 sacerdos,

323 3495 398 3552 Et
419 3513 665 3552 summas
687 3511 920 3563 carpens
945 3496 1122 3550 media
1145 3496 1294 3551 inter
1318 3515 1525 3552 cornua
1550 3503 1728 3553 saetas

2260 467 2367 522 210

2258 899 2363 952 215

2254 1335 2363 1388 220

2256 1769 2361 1822 225
2384 1741 2389 1746 ’

2256 2203 2362 2254 230

2256 2637 2361 2689 285

2259 3069 2364 3120 240

2264 3495 2367 3546 245
