2725 3892
1002 176 1279 231 vnuolm
1322 179 1652 231 mutuos
1697 178 1758 231 X.

363 338 440 395 Te
464 339 647 395 decisa
670 355 845 407 suum,
876 338 1089 408 Laride,
1116 340 1345 395 dextera
1369 341 1600 410 quaerit,

362 427 835 496 Semianimesque
858 426 1067 481 micant
1090 427 1253 495 digiti
1278 429 1598 497 ferrumque
1621 433 1943 483 retractant.

365 512 625 578 Arcadas,
656 530 917 567 accensos
942 514 1157 567 monitu
1184 522 1241 567 et
1264 512 1548 583 praeclara
1571 517 1782 569 tuentis

360 600 534 655 Facta
556 601 679 668 viri,
708 600 913 653 mixtus
938 599 1097 654 dolor
1122 608 1179 653 et
1204 600 1383 669 pudor
1409 592 1588 655 armat
1611 602 1667 655 in
1695 602 1886 657 hostis.

361 686 501 741 Tum
527 686 709 741 Pallas
738 687 933 755 biiugis
958 688 1259 755 fugientem
1284 686 1539 742 Rhoetea
1561 692 1784 757 praeter

360 773 583 828 Traicit.
660 773 781 827 Hoc
809 774 1043 842 spatium
1071 780 1398 843 tantumque
1421 790 1610 829 morae
1630 776 1738 829 fuit
1759 776 1875 842 1103

362 860 445 915 Ilo
472 876 705 929 namque
730 860 921 929 procul
948 860 1187 915 validam
1213 861 1508 916 derexerat
1531 862 1776 917 hastam:

362 945 541 1012 Quam
567 948 781 1001 medius
806 946 1089 1001 Rhoeteus
1114 948 1414 1017 intercipit,
1445 949 1654 1017 optime
1677 948 1938 1019 Teuthra,

361 1032 438 1087 Te
462 1034 677 1103 fugiens
700 1034 1037 1103 fratremque
1062 1034 1278 1113 Tyren,k
1294 1052 1570 1105 curruque
1594 1035 1822 1090 volutus

356 1121 558 1191 ‚Caedit
582 1122 917 1176 semianimis
944 1120 1277 1175 Rutulorum
1302 1122 1545 1176 calcibus
1569 1133 1742 1198 arva.)

316 1186 346 1225 χ’
361 1209 448 1262 Ac
473 1208 637 1276 velut,
667 1212 859 1276 optato
885 1208 1065 1261 ventis
1090 1213 1299 1263 aestate
1324 1210 1548 1275 coortis,
1725 1209 1732 1220 ’

360 1293 625 1364 Dispersa
646 1294 901 1348 immittit
928 1294 1080 1348 silvis
1102 1295 1357 1351 incendia
1381 1302 1605 1365 pastor;

362 1382 649 1451 correptis
676 1382 860 1435 subito
887 1382 1083 1436 mediis
1109 1383 1429 1437 extenditur
1451 1400 1564 1439 una

362 1467 602 1523 Horrida
628 1484 729 1538 per
754 1468 898 1523 latos
924 1469 1075 1523 acies
1099 1469 1372 1525 Volcania
1397 1486 1649 1541 campos3

362 1554 465 1609 Ille
496 1554 692 1609 sedens
717 1555 898 1609 victor
922 1554 1175 1610 flammas
1198 1557 1483 1626 despectat
1507 1560 1754 1614 ovantis:

364 1642 493 1696 Non
518 1641 677 1696 aliter
702 1643 909 1697 soe-ium
940 1643 1116 1696 virtus
1140 1644 1254 1697 coit
1282 1646 1464 1699 omnis
1487 1647 1544 1699 in
1571 1662 1758 1713 unum,

362 1727 547 1798 Teque
572 1730 742 1799 iuvat,
777 1729 947 1783 Palla.
1024 1730 1132 1784 Sed
1158 1729 1316 1785 bellis
1340 1748 1467 1785 acer
1493 1731 1760 1787 Halaesus

362 1815 563 1869 Tendit
588 1816 643 1868 in
671 1815 946 1885 adversos,
974 1833 1141 1886 seque
1165 1818 1223 1871 in
1248 1834 1348 1871 sua
1371 1818 1584 1887 colligit
1607 1834 1776 1874 arma.

364 1906 469 1961 Hic
492 1910 701 1960 mactat
728 1902 957 1959 Ladona
978 1904 1326 1974 Pheretaque
1350 1904 1840 1977 Demodocumque
1861 1926 1875 1975 ς

362 1996 685 2063 Strymonio
710 1993 959 2049 dextram
984 1993 1219 2063 fulgenti
1244 1994 1450 2063 deripit
1473 2012 1604 2049 ense

361 2083 579 2138 Elatum
605 2084 663 2137 in
691 2083 935 2151 iugulum
958 2102 973 2139 t
1012 2100 1149 2139 saxo
1172 2084 1302 2138 ferit
1330 2100 1428 2137 ora
1450 2082 1733 2152 Thoantis,
1761 2090 1766 2095 “

362 2170 609 2241 Ossaque
633 2171 890 2240 dispersit
912 2173 1141 2227 cerebro
1165 2174 1444 2241 permixta
1467 2178 1713 2227 cruento.

362 2256 499 2311 Fata
522 2274 726 2312 canens
750 2258 907 2312 silvis
930 2260 1147 2328 genitor
1171 2260 1378 2315 celarat
1404 2260 1726 2314 Halaesum:

362 2343 439 2398 Ut
464 2345 648 2398 senior
672 2344 788 2399 leto
812 2347 1069 2401 canentia
1093 2346 1303 2401 lumina
1326 2346 1508 2414 solvit,

360 2428 607 2484 Iniecere
631 2448 855 2485 manum
883 2432 1091 2487 Parcae
1112 2434 1349 2502 telisque
1375 2438 1664 2488 sacrarunt

358 2514 622 2572 Euandri.
701 2518 876 2583 Quem
902 2520 981 2573 sic
1006 2520 1189 2575 Pallas
1216 2522 1358 2590 petit
1381 2526 1512 2575 ante
1536 2528 1818 2590 precatus:

365 2602 503 2657 “Da
526 2619 691 2672 nunc,
721 2604 932 2671 Thybri
960 2612 1131 2676 pater,
1164 2608 1325 2675 ferro,
1356 2608 1506 2678 quod
1531 2609 1736 2665 missile
1759 2609 1922 2677 libr-o,

358 2688 661 2747 Fortunam
690 2698 855 2763 atque
882 2693 1029 2749 viam
1056 2694 1179 2749 duri
1206 2712 1307 2766 per
1328 2702 1522 2766 pectus
1547 2696 1780 2751 Halaesi.

358 2775 511 2831 Haec
534 2794 687 2834 arma
710 2780 1045 2850 exuviasque
1072 2782 1173 2835 viri
1202 2790 1301 2837 tua
1323 2798 1559 2852 quercus
1580 2780 1864 2837 habebit.”

358 2864 555 2919 Audiit
578 2864 677 2921 illa
698 2866 867 2921 deus:
906 2866 1039 2921 dum
1066 2866 1207 2923 texit
1232 2868 1461 2925 Imaona
1485 2868 1766 2936 Halaesus,

358 2951 601 3007 Arcadio
624 2952 819 3007 infelix
842 2953 957 3008 telo
984 2954 1081 3009 dat
1104 2960 1300 3025 pectus
1324 2956 1618 3011 inermum.

356 3038 439 3092 At
462 3054 575 3094 non
600 3040 767 3095 caede
794 3040 897 3093 viri
924 3026 1081 3095 tanta
1104 3043 1404 3110 perterrita
1427 3042 1652 3109 Lausus,

355 3123 492 3179 Pars
514 3125 711 3193 ingens
734 3125 879 3187 beni.
908 3128 1039 3181 sinit
1066 3130 1311 3195 agmina:
1354 3129 1566 3197 primus
1591 3128 1866 3183 Abantem

357 3210 685 3279 Oppositum
712 3213 997 3279 interimit,
1026 3230 1245 3284 pugnae
1272 3214 1588 3285 nodumque
1615 3230 1954 3284 moramque.

356 3296 638 3351 Sternitur
662 3298 933 3353 Arcadiae
958 3300 1155 3369 proles,
1184 3307 1509 3355 sternuntur
1533 3300 1768 3367 Etrusci,

354 3381 429 3435 Et
454 3398 567 3451 vos,
596 3400 633 3437 o
660 3384 823 3439 Grais
845 3386 1145 3454 imperdita
1169 3404 1417 3457 corpora,
1445 3386 1658 3443 Teucri.

358 3466 599 3535 Agmina
622 3478 959 3526 concurrunt
982 3471 1325 3543 ducibusque
1350 3478 1408 3528 et
1433 3474 1645 3530 viribus
1667 3472 1885 3544 nequitu

2297 346 2401 399 395

2297 782 2401 832 400

2295 1216 2398 1269 4θό

2295 1652 2398 1705 410

2291 2088 2394 2139 416

2291 2524 2396 2577 420

2291 2958 2394 3010 42⁶

2289 3390 2396 3443 480
