2725 3892
995 219 1270 270 VERGILI
1313 217 1643 272 Ammos
1684 219 1749 270 11.

357 381 567 452 Eripui‚
596 383 794 450 fateor,
822 380 938 435 leto
961 395 1068 448 mg
1096 385 1154 434 et
1179 378 1401 436 vincula
1422 378 1562 449 rupi,

359 469 688 538 Limosoque
712 468 834 522 lacu
859 483 959 537 per
982 471 1204 522 noctem
1231 466 1497 521 obscurus
1520 467 1577 520 in
1603 465 1735 522 ulva

357 555 584 622 Delitui,
612 555 744 608 dum
771 553 894 608 vela
913 553 1127 622 darent,
1149 553 1197 608 si
1224 553 1374 606 torte
1398 551 1697 608 dedissent.

357 639 478 696 Nee
498 641 637 695 mihi
661 641 770 694 iam
795 639 1032 709 petriam
1055 638 1342 710 antiquam
1368 654 1494 708 spes
1516 639 1631 694 ulla
1654 638 1890 708 videndi,

359 726 479 782 Nee
504 725 677 780 duleis
699 732 864 780 natos
887 730 1319 796 exoptatumque
1343 730 1663 795 parentem3

358 813 511 879 Quos
533 812 615 866 illi
638 811 752 866 fors
776 817 834 866 et
855 827 1063 882 poenas
1085 813 1156 866 ob
1179 815 1375 866 nostre
1394 822 1688 882 reposcent

357 899 590 969 Effugia,
619 903 677 954 et
700 898 918 968 eulpam
941 897 1088 952 bane
1109 898 1437 952 miserorum
1462 903 1645 953 morte
1668 898 1915 968 piabunt.

357 985 520 1064 quod
547 991 603 1040 te
627 1001 728 1056 per
753 999 981 1054 superos
1005 990 1064 1038 et
1087 984 1308 1040 conseia
1330 985 1559 1039 numina
1580 985 1716 1054 veri,

356 1071 482 1140 Per,
508 1071 555 1126 si
581 1087 690 1141 qua
713 1076 809 1139 est,
840 1087 980 1140 quae
1004 1075 1176 1126 restet
1198 1069 1381 1125 adhue
1406 1069 1731 1126 mortalibus
1752 1087 1985 1142 usquam

356 1159 694 1214 Intemerata
715 1157 866 1226 fides,
895 1173 1009 1226 ore,
1036 1157 1294 1212 miserere
1316 1156 1571 1212 laborum

355 1244 673 1314 Tantorum,
701 1246 960 1300 miserere
983 1245 1151 1301 animi
1175 1259 1290 1298 non
1313 1243 1481 1312 digua
1503 1243 1789 1300 ferentis.”
1878 1257 1980 1302 c...

297 1359 332 1378 ·-
427 1331 531 1386 His
553 1331 792 1386 lacrimis
816 1331 990 1386 vitam
1016 1329 1225 1399 damus,
1256 1335 1316 1386 et
1336 1330 1738 1386 miserescimus
1764 1330 1927 1386 ultro·

357 1417 484 1488 Ipse
507 1417 630 1472 viro
652 1419 865 1487 primus
889 1416 1131 1472 manicas
1157 1421 1322 1486 atque
1347 1421 1469 1472 arta
1489 1415 1664 1471 levari

357 1506 560 1563 Vincla
581 1507 737 1562 iubet
759 1505 1027 1574 Priamus,
1055 1505 1323 1575 diotisque
1347 1505 1429 1560 ita
1448 1503 1602 1560 fatur
1624 1504 1843 1560 amieis:

357 1594 394 1624 ‘¹
413 1593 672 1665 Quisquis
695 1609 770 1662 es,
803 1593 1029 1648 amissos
1054 1593 1186 1647 hino
1207 1592 1320 1648 iam
1343 1591 1669 1648 obliviscere
1686 1592 1915 1662 efraim

290 1745 334 1760 υ
356 1651 564 1736 Noster
587 1667 712 1750 eris',
740 1671 986 1750 mihique
1009 1679 1148 1737 haee
1169 1655 1567 1749 abisset-eivers
1586 1681 1841 1751 roganti:

356 1767 482 1833 Quo
505 1766 709 1822 molem
729 1766 872 1822 hane
895 1765 1150 1822 immanis
1173 1768 1302 1836 equi
1323 1767 1605 1824 statuere?
1642 1766 1768 1837 quis
1790 1765 2021 1824 auctori

357 1851 574 1919 Quidve
598 1853 830 1923 petunt?
868 1869 1008 1924 quae
1036 1853 1247 1922 religio,
1275 1857 1375 1908 aut
1392 1869 1535 1923 quse
1556 1851 1815 1910 machine
1836 1850 2001 1909 belli?
2021 1850 2055 1881 ”

355 1939 604 1994 Dixerat.
679 1938 794 2008 me,
823 1937 968 1994 dolis
989 1939 1292 1994 instructus
1313 1945 1373 1994 et
1395 1945 1515 1995 arte
1538 1939 1783 2009 Pelasga,

353 2029 588 2086 Sustulit
614 2035 809 2085 exutas
831 2028 1026 2086 vinclis
1049 2028 1123 2086 ad
1143 2028 1323 2086 sidera
1343 2029 1583 2100 palmas:

359 2119 394 2148 ‘⁸
413 2116 548 2188 Vos,
576 2117 786 2172 aeterni
811 2118 980 2188 ignes,
1009 2123 1068 2176 et
1089 2135 1206 2174 non
1228 2117 1484 2173 violabile
1507 2121 1751 2173 vestrum

353 2204 550 2261 Testor
574 2221 778 2262 numen
797 2206 832 2236 ’⁹
860 2206 1000 2275 ait,“
1015 2223 1116 2262 vos
1139 2221 1266 2262 arae
1288 2223 1553 2278 ensesque
1576 2205 1821 2275 nefandi,

355 2290 508 2358 Quos
531 2293 662 2362 fugi,
689 2293 968 2363 vittaeque
991 2291 1173 2364 deum,
1201 2309 1336 2363 quas
1357 2292 1543 2348 hostis
1562 2293 1738 2362 gessi:

353 2376 461 2434 Fas
482 2378 620 2433 mihi
645 2379 941 2435 Graiorum
964 2385 1180 2436 saerata
1201 2380 1477 2436 resolvere
1497 2379 1637 2446 iura,

353 2463 461 2519 Fas
485 2464 664 2522 odisse
692 2466 854 2536 viros,
884 2470 1049 2536 atque
1075 2467 1268 2522 omnia
1287 2466 1435 2522 ferre
1458 2465 1559 2521 sub
1582 2480 1758 2533 auras,

354 2550 414 2606 Si
440 2568 548 2621 qua
569 2557 798 2622 tegunt3
839 2557 1036 2608 teneor
1059 2552 1272 2622 patriae
1295 2567 1401 2606 nee
1424 2549 1637 2619 legibus
1660 2549 1803 2606 ullis.

353 2636 436 2693 Tu
459 2638 627 2695 modo
651 2638 932 2710 promissis
953 2655 1192 2707 maneas,
1219 2643 1541 2707 servataque
1564 2651 1748 2690 serves

353 2722 517 2780 Troia
539 2723 719 2794 fidem,
748 2727 794 2780 si
817 2740 949 2781 vera
971 2725 1161 2793 feram,
1187 2725 1236 2778 si
1257 2739 1459 2792 magna
1481 2721 1796 2792 rependam.

353 2809 550 2866 Omnis
571 2828 696 2882 spes
720 2809 972 2867 Danaum
1000 2815 1058 2865 et
1082 2811 1264 2880 coepti
1289 2808 1492 2884 fiducia
1513 2807 1645 2864 belli

351 2895 594 2953 Palladis
616 2898 836 2953 auxiliis
861 2913 1080 2968 semper
1105 2897 1280 2952 stetit.
1355 2895 1567 2965 Impius
1588 2910 1657 2948 ex
1682 2910 1794 2964 quo

352 2982 592 3051 Tydides
615 2983 712 3039 sed
737 2984 884 3040 enim
909 2982 1284 3053 scelerumque
1307 2983 1568 3036 inventor
1592 2978 1801 3050 Ulixes,

351 3069 541 3125 Fatale
567 3069 808 3140 aggressi
833 3075 1050 3128 sacrato
1073 3068 1312 3125 avellere
1335 3067 1549 3138 templo

351 3155 676 3226 Palladium,
705 3157 878 3212 eaesis
902 3171 1148 3210 summae
1169 3153 1493 3210 custodibus
1516 3154 1673 3222 arcis,

352 3243 682 3312 Corripuere
707 3258 914 3297 saetam
941 3241 1191 3310 effigiem,
1219 3241 1585 3310 manibusque
1608 3240 1855 3296 eruentis

351 3329 648 3399 Virgineus
671 3329 790 3383 ausi
815 3327 976 3382 divae
1001 3327 1325 3397 contingere
1347 3328 1532 3396 vittas,

351 3415 437 3469 Ex
462 3416 557 3469 illo
581 3415 752 3469 fluere
773 3431 836 3469 ae
859 3419 1012 3468 retro
1035 3414 1298 3485 sublapsa
1319 3414 1516 3470 referri

351 3500 488 3570 Spes
510 3499 780 3571 Danaum,
805 3499 1016 3556 fractae
1043 3501 1200 3572 vires,
1228 3518 1425 3558 aversa
1446 3501 1582 3556 deae
1606 3517 1777 3558 mens.

2288 469 2390 522 185

2289 903 2391 956 140

2286 1333 2387 1386 145

2284 1769 2389 1823 150

2283 2205 2387 2258 155

2281 2638 2389 2691 160

2279 3071 2385 3126 165

2278 3501 2387 3562 1¹70
