2725 3892
960 212 1234 266 vanem
1279 192 1657 265 enoaolcon
1704 214 1769 266 11.

345 374 640 445 Cogendae
662 376 722 430 in
747 376 976 445 sulcum,
1005 392 1070 431 ac
1093 378 1270 431 multa
1287 376 1543 431 mercede
1568 376 1897 432 domandae.

347 462 452 517 Sed
481 462 692 517 truncis
715 463 870 519 oleae
899 464 1110 533 melius,
1137 466 1445 534 propagine
1472 466 1613 518 vites

347 548 724 617 Respondent,
753 550 933 605 solido
959 550 1202 620 Paphiae
1227 552 1298 605 de
1323 553 1525 606 robore
1548 556 1801 619 myrtum

345 636 558 690 Plantis
582 642 640 689 et
665 636 834 691 durae
857 637 1034 705 coryli
1059 644 1377 706 nascuntur,
1406 644 1465 691 et
1488 640 1684 707 ingens

345 722 629 789 Fraxinus,
661 722 1074 794 Herculeaeque
1098 726 1262 779 arbos
1289 725 1551 779 umbrosa
1574 740 1828 792 coronae,

347 808 692 881 Chaoniique
715 810 890 878 patris
913 809 1172 880 glandes;
1215 812 1383 865 etiam
1410 810 1582 865 ardua
1606 810 1792 879 palma

345 895 620 961 Nascitur,
651 902 706 952 et
731 913 889 952 casus
915 898 1067 952 abies
1094 899 1280 952 visura
1303 899 1564 953 marinos.

415 983 684 1039 Inseritur
710 1000 842 1038 vero
867 990 924 1039 et
946 986 1103 1039 nucis
1128 985 1356 1039 arbutus
1380 984 1609 1039 horrida
1629 983 1768 1053 totu,

345 1070 419 1123 Et
443 1070 656 1126 steriles
679 1071 890 1141 platani
915 1072 1091 1125 malos
1113 1088 1328 1140 gessere
1357 1070 1622 1138 valentis3

347 1156 646 1213 Castaneae
673 1158 842 1226 fagus,
873 1174 1150 1229 ornusque
1173 1158 1425 1213 incanuit
1448 1157 1575 1212 albo

345 1242 506 1297 Flore
529 1245 653 1313 piri,
681 1242 1047 1313 glandemque
1069 1260 1196 1299 sues
1219 1244 1431 1314 &egere
1458 1244 1559 1299 sub
1584 1243 1763 1301 ulmis.
1826 1254 1845 1275 ·

346 1328 400 1383 N
403 1346 464 1385 ec
488 1330 685 1385 modus
707 1332 952 1385 inserere
977 1337 1144 1401 atque
1167 1331 1354 1386 oculos
1378 1332 1663 1400 imponere
1686 1332 1939 1402 simplex.

345 1416 504 1486 Nam,
536 1432 642 1487 qua
667 1434 724 1471 se
748 1418 934 1473 medio
957 1418 1192 1473 trudunt
1215 1418 1286 1473 de
1309 1418 1517 1473 cortice
1542 1433 1792 1486 gemmae

343 1502 418 1557 Et
441 1506 624 1557 tenuis
647 1510 914 1573 rumpunt
937 1506 1168 1571 tunicae,
1197 1510 1463 1574 angustus
1486 1504 1545 1557 in
1572 1504 1697 1573 ipso

343 1590 436 1645 Fit
459 1592 607 1646 notio
633 1593 818 1647 sinus:
859 1592 968 1647 huc
993 1592 1174 1648 aliena
1197 1608 1268 1647 ex
1293 1593 1491 1647 arbore
1519 1606 1745 1661 germen

343 1677 653 1747 Ineludunt,
683 1680 902 1749 udoque
924 1679 1128 1735 doeent
1149 1681 1451 1735 inolescere
1500 1678 1659 1734 libro.

345 1766 464 1818 Aut
489 1782 702 1819 rursum
729 1766 933 1821 enodes
958 1768 1138 1822 trunci
1169 1773 1501 1835 resecantur,
1536 1771 1593 1821 et
1616 1766 1727 1821 alte

347 1852 599 1905 Finditur
623 1854 674 1905 in
703 1854 937 1907 solidum
964 1855 1152 1908 cuneis
1179 1855 1282 1921 via,
1309 1856 1509 1910 deinde
1540 1858 1748 1912 feraces

345 1938 572 1994 Plantae
597 1941 1001 1995 immittuntur:
1043 1958 1145 1996 neo
1169 1942 1395 2011 longum
1420 1948 1655 2015 tempus,
1686 1950 1743 1999 et
1778 1945 1971 2013 ingens

343 2025 496 2079 Exiit
519 2026 588 2081 ad
614 2028 826 2083 eaelum
850 2028 1020 2082 ramis
1043 2028 1292 2083 felicibus
1317 2030 1497 2097 arbos,

345 2112 682 2183 Miraturque
705 2130 878 2169 novas
901 2114 1126 2169 frondes
1151 2122 1208 2170 et
1233 2133 1344 2171 non
1372 2134 1469 2173 sua
1492 2134 1674 2187 poma.

281 2201 361 2245 vs
413 2199 708 2255 Praeterea
725 2218 896 2270 genus
914 2202 1064 2257 haud
1081 2220 1270 2273 unum,
1285 2221 1389 2258 nec
1414 2205 1655 2261 fortibus
1680 2205 1857 2273 ulmis,

343 2286 461 2341 Nec
485 2288 637 2342 salici
661 2287 902 2358 lotoque,
933 2305 1114 2358 neque
1139 2290 1318 2344 Idaeis
1345 2292 1671 2361 cyparissis;

343 2372 462 2427 Nee
487 2375 718 2443 pingues
739 2392 904 2429 unam
933 2376 990 2429 in
1015 2376 1216 2431 faciem
1242 2386 1547 2433 naseuntur
1572 2378 1763 2445 olivae,

343 2456 639 2527 Orchades,
669 2466 728 2513 et
749 2460 906 2527 radii,
935 2466 994 2515 et
1019 2476 1204 2517 amara
1229 2464 1423 2531 pausia
1450 2463 1601 2529 baca,

343 2546 620 2615 Pomaque
645 2552 702 2601 et
726 2546 946 2601 Alcinoi
971 2548 1172 2614 silvae;
1213 2566 1315 2605 nec
1341 2548 1592 2604 surculus
1615 2547 1760 2603 idem

343 2632 672 2687 Crustumiis
697 2634 979 2703 Syriisque
1001 2635 1139 2704 piris
1169 2636 1535 2705 gravibusque
1562 2634 1841 2690 volaemis.

341 2718 472 2775 Non
495 2720 686 2775 eadem
713 2721 1004 2775 arboribus
1025 2722 1230 2791 pendet
1255 2722 1539 2794 vindemia
1560 2722 1780 2789 nostris,

343 2806 521 2873 Quam
545 2806 938 2876 Methymnaeo
961 2809 1141 2878 carpit
1161 2808 1232 2863 de
1255 2808 1487 2877 palmite
1511 2808 1750 2876 Lesbos3

341 2893 485 2948 Sunt
508 2894 740 2949 Thasiae
767 2895 921 2963 vites,
950 2899 1080 2949 sunt
1103 2900 1160 2948 et
1186 2894 1523 2950 Mareotides
1546 2894 1773 2951 albae-—

343 2980 644 3050 Pinguibus
666 2981 771 3035 hae
795 2982 958 3035 terris
982 2980 1210 3047 habiles,
1239 2979 1542 3037 levioribus
1564 2983 1765 3038 illae—-

340 3066 414 3121 Et
438 3084 597 3137 passo
626 3068 828 3136 psithia
851 3066 1052 3132 utilior,
1081 3068 1373 3136 tenuisque
1398 3068 1620 3139 Lageos,

340 3153 699 3224 Temptatura
723 3154 890 3222 pedes
915 3152 1048 3207 olim
1073 3153 1435 3224 vincturaque
1462 3156 1737 3225 linguam3

339 3241 674 3311 Purpureae,
701 3239 1058 3309 preciaeque;
1099 3247 1158 3295 et
1183 3256 1290 3309 quo
1317 3248 1375 3296 te
1400 3244 1643 3297 carmine
1667 3242 1866 3311 dicam,

341 3327 612 3381 Raetica?
649 3342 752 3381 nec
778 3325 932 3380 cellis
955 3326 1081 3381 ideo
1106 3328 1379 3384 contende
1404 3328 1667 3385 Falernis.

340 3412 482 3466 Sunt
507 3418 562 3467 et
590 3413 892 3467 Aminaeae
917 3412 1070 3481 vites,
1097 3413 1409 3471 firmissima
1438 3418 1579 3481 vina,

341 3498 584 3553 Tmolius
609 3500 854 3568 adsurgit
879 3500 1078 3569 quibus
1101 3508 1160 3555 et
1181 3518 1282 3557 rex
1304 3504 1425 3573 ipse
1450 3504 1771 3573 Phanaeus3

511 3589 579 3637 Q

2316 640 2385 693 ⁶15

2318 1076 2387 1131 70

2316 1508 2383 1563 ‘15

2312 1945 2383 1998 80

2310 2812 2380 2867 90

2302 3248 2376 3299 -95
