<?xml version="1.0" encoding="UTF-8"?>
<!DOCTYPE html PUBLIC "-//W3C//DTD XHTML 1.0 Transitional//EN"
    "http://www.w3.org/TR/xhtml1/DTD/xhtml1-transitional.dtd">
<html xmlns="http://www.w3.org/1999/xhtml" xml:lang="en" lang="en">
 <head>
  <title>
</title>
<meta http-equiv="Content-Type" content="text/html;charset=utf-8" />
  <meta name='ocr-system' content='tesseract 3.04.00' />
  <meta name='ocr-capabilities' content='ocr_page ocr_carea ocr_par ocr_line ocrx_word'/>
</head>
<body>
  <div class='ocr_page' id='page_1' title='image "arevisedtextpoe01virggoog_0386.png"; bbox 0 0 2725 3892; ppageno 0'>
   <div class='ocr_carea' id='block_1_1' title="bbox 969 190 1775 243">
    <p class='ocr_par' dir='ltr' id='par_1_1' title="bbox 969 190 1775 243">
     <span class='ocr_line' id='line_1_1' title="bbox 969 190 1775 243; baseline 0.002 -2"><span class='ocrx_word' id='word_1_1' title='bbox 969 192 1246 243; x_wconf 77' lang='lat' dir='ltr'><strong>VERGILI</strong></span> <span class='ocrx_word' id='word_1_2' title='bbox 1289 190 1617 243; x_wconf 71' lang='lat' dir='ltr'>AENEIDOS</span> <span class='ocrx_word' id='word_1_3' title='bbox 1660 190 1775 243; x_wconf 74' lang='grc' dir='ltr'><strong>ΧΠ.</strong></span> 
     </span>
    </p>
   </div>
   <div class='ocr_carea' id='block_1_2' title="bbox 315 354 2410 3571">
    <p class='ocr_par' dir='ltr' id='par_1_2' title="bbox 359 354 2404 2529">
     <span class='ocr_line' id='line_1_2' title="bbox 359 354 1710 426; baseline -0.003 -15"><span class='ocrx_word' id='word_1_4' title='bbox 359 356 671 426; x_wconf 72' lang='lat' dir='ltr'><strong>Expediati</strong></span> <span class='ocrx_word' id='word_1_5' title='bbox 711 354 924 409; x_wconf 82' lang='lat' dir='ltr'><strong>tantou’</strong></span> <span class='ocrx_word' id='word_1_6' title='bbox 951 354 1160 423; x_wconf 76' lang='lat' dir='ltr'><strong>placuit</strong></span> <span class='ocrx_word' id='word_1_7' title='bbox 1183 369 1514 408; x_wconf 84' lang='lat' dir='ltr'><strong>concurrere</strong></span> <span class='ocrx_word' id='word_1_8' title='bbox 1536 357 1710 421; x_wconf 90' lang='lat' dir='ltr'><strong>motu,</strong></span> 
     </span>
     <span class='ocr_line' id='line_1_3' title="bbox 361 438 1607 509; baseline -0.002 -15"><span class='ocrx_word' id='word_1_9' title='bbox 361 440 626 509; x_wconf 88' lang='lat' dir='ltr'><strong>Iuppiter,</strong></span> <span class='ocrx_word' id='word_1_10' title='bbox 657 444 882 493; x_wconf 85' lang='lat' dir='ltr'><strong>aeterna</strong></span> <span class='ocrx_word' id='word_1_11' title='bbox 905 438 1084 507; x_wconf 74' lang='lat' dir='ltr'><strong>gentis</strong></span> <span class='ocrx_word' id='word_1_12' title='bbox 1105 438 1164 491; x_wconf 88' lang='lat' dir='ltr'><strong>in</strong></span> <span class='ocrx_word' id='word_1_13' title='bbox 1189 454 1326 506; x_wconf 87' lang='lat' dir='ltr'><strong>pace</strong></span> <span class='ocrx_word' id='word_1_14' title='bbox 1349 438 1607 491; x_wconf 72' lang='lat' dir='ltr'><strong>futuras?</strong></span> 
     </span>
     <span class='ocr_line' id='line_1_4' title="bbox 363 523 2393 592; baseline -0.002 -11"><span class='ocrx_word' id='word_1_15' title='bbox 363 528 582 581; x_wconf 86' lang='lat' dir='ltr'><strong>Aeneas</strong></span> <span class='ocrx_word' id='word_1_16' title='bbox 607 524 874 579; x_wconf 85' lang='lat' dir='ltr'><strong>Rutulum</strong></span> <span class='ocrx_word' id='word_1_17' title='bbox 901 524 1370 591; x_wconf 87' lang='lat' dir='ltr'><strong>Sucronem,-ea</strong></span> <span class='ocrx_word' id='word_1_18' title='bbox 1392 523 1573 592; x_wconf 86' lang='lat' dir='ltr'><strong>prima</strong></span> <span class='ocrx_word' id='word_1_19' title='bbox 1596 524 1809 579; x_wconf 85' lang='lat' dir='ltr'><strong>ruentis</strong></span> <span class='ocrx_word' id='word_1_20' title='bbox 2286 526 2393 577; x_wconf 82' lang='grc' dir='ltr'><strong>5οὄ</strong></span> 
     </span>
     <span class='ocr_line' id='line_1_5' title="bbox 362 610 1959 681; baseline -0.001 -14"><span class='ocrx_word' id='word_1_21' title='bbox 362 614 556 681; x_wconf 84' lang='lat' dir='ltr'><strong>Pugna</strong></span> <span class='ocrx_word' id='word_1_22' title='bbox 578 612 704 666; x_wconf 92' lang='lat' dir='ltr'><strong>loco</strong></span> <span class='ocrx_word' id='word_1_23' title='bbox 729 612 922 666; x_wconf 79' lang='lat' dir='ltr'><strong>statuit</strong></span> <span class='ocrx_word' id='word_1_24' title='bbox 949 610 1411 665; x_wconf 79' lang='lat' dir='ltr'><strong>Teucros—haud</strong></span> <span class='ocrx_word' id='word_1_25' title='bbox 1434 610 1613 665; x_wconf 80' lang='lat' dir='ltr'><strong>multa</strong></span> <span class='ocrx_word' id='word_1_26' title='bbox 1634 616 1959 678; x_wconf 82' lang='lat' dir='ltr'><strong>morantem,</strong></span> 
     </span>
     <span class='ocr_line' id='line_1_6' title="bbox 361 696 1817 768; baseline -0.001 -15"><span class='ocrx_word' id='word_1_27' title='bbox 361 700 586 768; x_wconf 84' lang='lat' dir='ltr'><strong>Excipit</strong></span> <span class='ocrx_word' id='word_1_28' title='bbox 607 699 668 752; x_wconf 90' lang='lat' dir='ltr'><strong>in</strong></span> <span class='ocrx_word' id='word_1_29' title='bbox 690 698 853 767; x_wconf 86' lang='lat' dir='ltr'><strong>latus,</strong></span> <span class='ocrx_word' id='word_1_30' title='bbox 882 704 954 767; x_wconf 90' lang='lat' dir='ltr'><strong>et,</strong></span> <span class='ocrx_word' id='word_1_31' title='bbox 982 714 1090 768; x_wconf 86' lang='lat' dir='ltr'><strong>qua</strong></span> <span class='ocrx_word' id='word_1_32' title='bbox 1111 699 1231 753; x_wconf 73' lang='lat' dir='ltr'><strong>fata</strong></span> <span class='ocrx_word' id='word_1_33' title='bbox 1253 696 1557 763; x_wconf 85' lang='lat' dir='ltr'><strong>celerrima,</strong></span> <span class='ocrx_word' id='word_1_34' title='bbox 1586 697 1817 751; x_wconf 87' lang='lat' dir='ltr'><strong>crudum</strong></span> 
     </span>
     <span class='ocr_line' id='line_1_7' title="bbox 363 784 1689 853; baseline -0.002 -13"><span class='ocrx_word' id='word_1_35' title='bbox 363 785 708 853; x_wconf 78' lang='lat' dir='ltr'><strong>&#39;I&#39;ransadigit</strong></span> <span class='ocrx_word' id='word_1_36' title='bbox 732 790 914 838; x_wconf 85' lang='lat' dir='ltr'><strong>costas</strong></span> <span class='ocrx_word' id='word_1_37' title='bbox 939 792 996 839; x_wconf 88' lang='lat' dir='ltr'><strong>et</strong></span> <span class='ocrx_word' id='word_1_38' title='bbox 1021 784 1187 839; x_wconf 86' lang='lat' dir='ltr'><strong>cratis</strong></span> <span class='ocrx_word' id='word_1_39' title='bbox 1214 784 1459 853; x_wconf 81' lang='lat' dir='ltr'><strong>pectoris</strong></span> <span class='ocrx_word' id='word_1_40' title='bbox 1482 800 1689 839; x_wconf 88' lang='lat' dir='ltr'><strong>ensem.</strong></span> 
     </span>
     <span class='ocr_line' id='line_1_8' title="bbox 363 869 1983 941; baseline -0.001 -14"><span class='ocrx_word' id='word_1_41' title='bbox 363 872 580 927; x_wconf 88' lang='lat' dir='ltr'><strong>Turnus</strong></span> <span class='ocrx_word' id='word_1_42' title='bbox 603 888 746 941; x_wconf 88' lang='lat' dir='ltr'><strong>equo</strong></span> <span class='ocrx_word' id='word_1_43' title='bbox 769 871 1042 927; x_wconf 84' lang='lat' dir='ltr'><strong>deiectum</strong></span> <span class='ocrx_word' id='word_1_44' title='bbox 1069 872 1345 938; x_wconf 80' lang='lat' dir='ltr'><strong>Amycum</strong></span> <span class='ocrx_word' id='word_1_45' title='bbox 1371 870 1715 939; x_wconf 74' lang='lat' dir='ltr'><strong>fratremque</strong></span> <span class='ocrx_word' id='word_1_46' title='bbox 1738 869 1983 939; x_wconf 81' lang='lat' dir='ltr'><strong>Diorem,</strong></span> 
     </span>
     <span class='ocr_line' id='line_1_9' title="bbox 365 958 2397 1028; baseline -0.001 -14"><span class='ocrx_word' id='word_1_47' title='bbox 365 960 704 1028; x_wconf 76' lang='lat' dir='ltr'><strong>congressus</strong></span> <span class='ocrx_word' id='word_1_48' title='bbox 727 960 911 1027; x_wconf 87' lang='lat' dir='ltr'><strong>pedes,</strong></span> <span class='ocrx_word' id='word_1_49' title='bbox 941 958 1090 1013; x_wconf 90' lang='lat' dir='ltr'><strong>hunc</strong></span> <span class='ocrx_word' id='word_1_50' title='bbox 1115 958 1427 1013; x_wconf 86' lang='lat' dir='ltr'><strong>venientem</strong></span> <span class='ocrx_word' id='word_1_51' title='bbox 1454 958 1682 1027; x_wconf 80' lang='lat' dir='ltr'><strong>cuspide</strong></span> <span class='ocrx_word' id='word_1_52' title='bbox 1704 958 1887 1028; x_wconf 80' lang='lat' dir='ltr'><strong>longa,</strong></span> <span class='ocrx_word' id='word_1_53' title='bbox 2290 960 2397 1011; x_wconf 88' lang='grc'><strong>510</strong></span> 
     </span>
     <span class='ocr_line' id='line_1_10' title="bbox 365 1044 1759 1113; baseline -0.001 -12"><span class='ocrx_word' id='word_1_54' title='bbox 365 1046 530 1101; x_wconf 88' lang='lat' dir='ltr'><strong>Hunc</strong></span> <span class='ocrx_word' id='word_1_55' title='bbox 552 1062 816 1100; x_wconf 88' lang='lat' dir='ltr'><strong>mucrone</strong></span> <span class='ocrx_word' id='word_1_56' title='bbox 841 1046 972 1099; x_wconf 85' lang='lat' dir='ltr'><strong>ferit</strong></span> <span class='ocrx_word' id='word_1_57' title='bbox 996 1060 1270 1113; x_wconf 85' lang='lat' dir='ltr'><strong>curruque</strong></span> <span class='ocrx_word' id='word_1_58' title='bbox 1289 1044 1502 1099; x_wconf 75' lang='lat' dir='ltr'><strong>abscisa</strong></span> <span class='ocrx_word' id='word_1_59' title='bbox 1524 1044 1759 1099; x_wconf 85' lang='lat' dir='ltr'><strong>duorum</strong></span> 
     </span>
     <span class='ocr_line' id='line_1_11' title="bbox 365 1132 1761 1202; baseline -0.001 -13"><span class='ocrx_word' id='word_1_60' title='bbox 365 1133 665 1202; x_wconf 82' lang='lat' dir='ltr'><strong>Suspendit</strong></span> <span class='ocrx_word' id='word_1_61' title='bbox 688 1133 884 1202; x_wconf 84' lang='lat' dir='ltr'><strong>capita,</strong></span> <span class='ocrx_word' id='word_1_62' title='bbox 913 1137 970 1186; x_wconf 88' lang='lat' dir='ltr'><strong>et</strong></span> <span class='ocrx_word' id='word_1_63' title='bbox 993 1132 1243 1186; x_wconf 81' lang='lat' dir='ltr'><strong>rorantia</strong></span> <span class='ocrx_word' id='word_1_64' title='bbox 1266 1132 1535 1199; x_wconf 81' lang='lat' dir='ltr'><strong>sanguine</strong></span> <span class='ocrx_word' id='word_1_65' title='bbox 1558 1138 1761 1201; x_wconf 79' lang='lat' dir='ltr'><strong>portat.</strong></span> 
     </span>
     <span class='ocr_line' id='line_1_12' title="bbox 365 1218 1869 1291; baseline 0.001 -16"><span class='ocrx_word' id='word_1_66' title='bbox 365 1220 467 1275; x_wconf 89' lang='lat' dir='ltr'><strong>Ille</strong></span> <span class='ocrx_word' id='word_1_67' title='bbox 492 1220 666 1275; x_wconf 85' lang='lat' dir='ltr'><strong>Talon</strong></span> <span class='ocrx_word' id='word_1_68' title='bbox 690 1218 1023 1288; x_wconf 79' lang='lat' dir='ltr'><strong>Tanaimque</strong></span> <span class='ocrx_word' id='word_1_69' title='bbox 1053 1220 1174 1273; x_wconf 89' lang='lat' dir='ltr'><strong>neci</strong></span> <span class='ocrx_word' id='word_1_70' title='bbox 1203 1222 1521 1289; x_wconf 85' lang='lat' dir='ltr'><strong>fortemque</strong></span> <span class='ocrx_word' id='word_1_71' title='bbox 1546 1222 1869 1291; x_wconf 78' lang='lat' dir='ltr'><strong>Cethegum,</strong></span> 
     </span>
     <span class='ocr_line' id='line_1_13' title="bbox 365 1308 1787 1377; baseline 0.001 -16"><span class='ocrx_word' id='word_1_72' title='bbox 365 1308 486 1362; x_wconf 88' lang='lat' dir='ltr'><strong>Tris</strong></span> <span class='ocrx_word' id='word_1_73' title='bbox 511 1324 624 1361; x_wconf 89' lang='lat' dir='ltr'><strong>uno</strong></span> <span class='ocrx_word' id='word_1_74' title='bbox 649 1323 962 1375; x_wconf 82' lang='lat' dir='ltr'><strong>congressu,</strong></span> <span class='ocrx_word' id='word_1_75' title='bbox 991 1315 1048 1361; x_wconf 88' lang='lat' dir='ltr'><strong>et</strong></span> <span class='ocrx_word' id='word_1_76' title='bbox 1071 1318 1340 1361; x_wconf 86' lang='lat' dir='ltr'><strong>maestum</strong></span> <span class='ocrx_word' id='word_1_77' title='bbox 1368 1308 1541 1362; x_wconf 85' lang='lat' dir='ltr'><strong>mittit</strong></span> <span class='ocrx_word' id='word_1_78' title='bbox 1564 1308 1787 1377; x_wconf 88' lang='lat' dir='ltr'><strong>Oniten,</strong></span> 
     </span>
     <span class='ocr_line' id='line_1_14' title="bbox 367 1394 2397 1465; baseline -0 -16"><span class='ocrx_word' id='word_1_79' title='bbox 367 1394 607 1449; x_wconf 85' lang='lat' dir='ltr'><strong>Nomine</strong></span> <span class='ocrx_word' id='word_1_80' title='bbox 629 1394 958 1448; x_wconf 84' lang='lat' dir='ltr'><strong>Echionium</strong></span> <span class='ocrx_word' id='word_1_81' title='bbox 983 1396 1278 1465; x_wconf 84' lang='lat' dir='ltr'><strong>matrisque</strong></span> <span class='ocrx_word' id='word_1_82' title='bbox 1301 1413 1477 1465; x_wconf 80' lang='lat' dir='ltr'><strong>genus</strong></span> <span class='ocrx_word' id='word_1_83' title='bbox 1502 1398 1782 1465; x_wconf 81' lang='lat' dir='ltr'><strong>Peridiae3</strong></span> <span class='ocrx_word' id='word_1_84' title='bbox 2292 1398 2397 1449; x_wconf 78' lang='lat'><strong>615</strong></span> 
     </span>
     <span class='ocr_line' id='line_1_15' title="bbox 367 1480 1673 1555; baseline 0.002 -18"><span class='ocrx_word' id='word_1_85' title='bbox 367 1482 475 1537; x_wconf 87' lang='lat' dir='ltr'><strong>Hic</strong></span> <span class='ocrx_word' id='word_1_86' title='bbox 497 1482 696 1536; x_wconf 86' lang='lat' dir='ltr'><strong>fratres</strong></span> <span class='ocrx_word' id='word_1_87' title='bbox 718 1480 890 1549; x_wconf 81' lang='lat' dir='ltr'><strong>Lycia</strong></span> <span class='ocrx_word' id='word_1_88' title='bbox 915 1482 1104 1535; x_wconf 84' lang='lat' dir='ltr'><strong>missos</strong></span> <span class='ocrx_word' id='word_1_89' title='bbox 1129 1488 1186 1537; x_wconf 89' lang='lat' dir='ltr'><strong>et</strong></span> <span class='ocrx_word' id='word_1_90' title='bbox 1209 1483 1485 1551; x_wconf 76' lang='lat' dir='ltr'><strong>Apollinis</strong></span> <span class='ocrx_word' id='word_1_91' title='bbox 1510 1487 1673 1555; x_wconf 80' lang='lat' dir='ltr'><strong>agris,</strong></span> 
     </span>
     <span class='ocr_line' id='line_1_16' title="bbox 367 1568 1837 1643; baseline 0.004 -20"><span class='ocrx_word' id='word_1_92' title='bbox 367 1568 440 1625; x_wconf 87' lang='lat' dir='ltr'><strong>Et</strong></span> <span class='ocrx_word' id='word_1_93' title='bbox 463 1570 718 1623; x_wconf 78' lang='lat' dir='ltr'><strong>invenem</strong></span> <span class='ocrx_word' id='word_1_94' title='bbox 745 1586 974 1625; x_wconf 85' lang='lat' dir='ltr'><strong>exosum</strong></span> <span class='ocrx_word' id='word_1_95' title='bbox 998 1576 1330 1643; x_wconf 83' lang='lat' dir='ltr'><strong>nequiquam</strong></span> <span class='ocrx_word' id='word_1_96' title='bbox 1358 1575 1500 1629; x_wconf 86' lang='lat' dir='ltr'><strong>bella</strong></span> <span class='ocrx_word' id='word_1_97' title='bbox 1522 1574 1837 1642; x_wconf 75' lang='lat' dir='ltr'><strong>Menoeten,</strong></span> 
     </span>
     <span class='ocr_line' id='line_1_17' title="bbox 366 1664 1705 1733; baseline 0.001 -15"><span class='ocrx_word' id='word_1_98' title='bbox 366 1664 603 1731; x_wconf 82' lang='lat' dir='ltr'><strong>Arcada,</strong></span> <span class='ocrx_word' id='word_1_99' title='bbox 629 1664 874 1733; x_wconf 79' lang='lat' dir='ltr'><strong>piscosae</strong></span> <span class='ocrx_word' id='word_1_100' title='bbox 900 1664 988 1717; x_wconf 88' lang='lat' dir='ltr'><strong>cui</strong></span> <span class='ocrx_word' id='word_1_101' title='bbox 1013 1664 1220 1719; x_wconf 85' lang='lat' dir='ltr'><strong>circum</strong></span> <span class='ocrx_word' id='word_1_102' title='bbox 1243 1665 1472 1721; x_wconf 86' lang='lat' dir='ltr'><strong>flumina</strong></span> <span class='ocrx_word' id='word_1_103' title='bbox 1494 1665 1705 1720; x_wconf 78' lang='lat' dir='ltr'><strong>Lernae</strong></span> 
     </span>
     <span class='ocr_line' id='line_1_18' title="bbox 369 1750 1863 1825; baseline 0.001 -20"><span class='ocrx_word' id='word_1_104' title='bbox 369 1751 479 1805; x_wconf 85' lang='lat' dir='ltr'><strong>Ars</strong></span> <span class='ocrx_word' id='word_1_105' title='bbox 501 1751 692 1825; x_wconf 57' lang='lat' dir='ltr'><strong>fuerat,</strong></span> <span class='ocrx_word' id='word_1_106' title='bbox 709 1766 1026 1820; x_wconf 83' lang='lat' dir='ltr'><strong>pauperque</strong></span> <span class='ocrx_word' id='word_1_107' title='bbox 1051 1750 1261 1819; x_wconf 85' lang='lat' dir='ltr'><strong>domus,</strong></span> <span class='ocrx_word' id='word_1_108' title='bbox 1289 1768 1393 1807; x_wconf 87' lang='lat' dir='ltr'><strong>nec</strong></span> <span class='ocrx_word' id='word_1_109' title='bbox 1416 1759 1553 1808; x_wconf 87' lang='lat' dir='ltr'><strong>nota</strong></span> <span class='ocrx_word' id='word_1_110' title='bbox 1579 1758 1863 1823; x_wconf 81' lang='lat' dir='ltr'><strong>potentum</strong></span> 
     </span>
     <span class='ocr_line' id='line_1_19' title="bbox 367 1840 2403 1913; baseline -0.001 -18"><span class='ocrx_word' id='word_1_111' title='bbox 367 1840 613 1905; x_wconf 78' lang='lat' dir='ltr'><strong>Munera,</strong></span> <span class='ocrx_word' id='word_1_112' title='bbox 645 1842 1029 1912; x_wconf 83' lang='lat' dir='ltr'><strong>conductaque</strong></span> <span class='ocrx_word' id='word_1_113' title='bbox 1054 1848 1214 1913; x_wconf 82' lang='lat' dir='ltr'><strong>pater</strong></span> <span class='ocrx_word' id='word_1_114' title='bbox 1237 1843 1436 1899; x_wconf 87' lang='lat' dir='ltr'><strong>tellure</strong></span> <span class='ocrx_word' id='word_1_115' title='bbox 1460 1843 1693 1899; x_wconf 87' lang='lat' dir='ltr'><strong>serebat.</strong></span> <span class='ocrx_word' id='word_1_116' title='bbox 2296 1842 2403 1895; x_wconf 75' lang='lat'><strong>520</strong></span> 
     </span>
     <span class='ocr_line' id='line_1_20' title="bbox 369 1930 1599 2003; baseline 0.005 -20"><span class='ocrx_word' id='word_1_117' title='bbox 369 1930 454 1984; x_wconf 87' lang='lat' dir='ltr'><strong>Ac</strong></span> <span class='ocrx_word' id='word_1_118' title='bbox 479 1930 631 1983; x_wconf 86' lang='lat' dir='ltr'><strong>velut</strong></span> <span class='ocrx_word' id='word_1_119' title='bbox 655 1931 883 1984; x_wconf 81' lang='lat' dir='ltr'><strong>immissi</strong></span> <span class='ocrx_word' id='word_1_120' title='bbox 911 1932 1144 1986; x_wconf 81' lang='lat' dir='ltr'><strong>diversis</strong></span> <span class='ocrx_word' id='word_1_121' title='bbox 1167 1934 1419 2003; x_wconf 80' lang='lat' dir='ltr'><strong>partibus</strong></span> <span class='ocrx_word' id='word_1_122' title='bbox 1442 1934 1599 2003; x_wconf 84' lang='lat' dir='ltr'><strong>ignes</strong></span> 
     </span>
     <span class='ocr_line' id='line_1_21' title="bbox 366 2019 1779 2090; baseline 0.003 -17"><span class='ocrx_word' id='word_1_123' title='bbox 366 2019 638 2073; x_wconf 80' lang='lat' dir='ltr'><strong>Arentem</strong></span> <span class='ocrx_word' id='word_1_124' title='bbox 665 2020 724 2072; x_wconf 90' lang='lat' dir='ltr'><strong>in</strong></span> <span class='ocrx_word' id='word_1_125' title='bbox 750 2019 944 2073; x_wconf 85' lang='lat' dir='ltr'><strong>silvam</strong></span> <span class='ocrx_word' id='word_1_126' title='bbox 971 2025 1029 2073; x_wconf 88' lang='lat' dir='ltr'><strong>et</strong></span> <span class='ocrx_word' id='word_1_127' title='bbox 1053 2020 1294 2089; x_wconf 81' lang='lat' dir='ltr'><strong>virgulta</strong></span> <span class='ocrx_word' id='word_1_128' title='bbox 1315 2023 1571 2077; x_wconf 76' lang='lat' dir='ltr'><strong>sonantia</strong></span> <span class='ocrx_word' id='word_1_129' title='bbox 1592 2023 1779 2090; x_wconf 80' lang='lat' dir='ltr'><strong>lauro3</strong></span> 
     </span>
     <span class='ocr_line' id='line_1_22' title="bbox 370 2108 1649 2180; baseline 0.002 -19"><span class='ocrx_word' id='word_1_130' title='bbox 370 2108 488 2161; x_wconf 88' lang='lat' dir='ltr'><strong>Aut</strong></span> <span class='ocrx_word' id='word_1_131' title='bbox 511 2108 608 2162; x_wconf 91' lang='lat' dir='ltr'><strong>ubi</strong></span> <span class='ocrx_word' id='word_1_132' title='bbox 635 2108 868 2165; x_wconf 83' lang='lat' dir='ltr'><strong>decursu</strong></span> <span class='ocrx_word' id='word_1_133' title='bbox 896 2109 1094 2180; x_wconf 89' lang='lat' dir='ltr'><strong>rapido</strong></span> <span class='ocrx_word' id='word_1_134' title='bbox 1117 2108 1188 2164; x_wconf 86' lang='lat' dir='ltr'><strong>de</strong></span> <span class='ocrx_word' id='word_1_135' title='bbox 1213 2111 1497 2165; x_wconf 79' lang='lat' dir='ltr'><strong>montibus</strong></span> <span class='ocrx_word' id='word_1_136' title='bbox 1520 2110 1649 2165; x_wconf 79' lang='lat' dir='ltr'><strong>altis</strong></span> 
     </span>
     <span class='ocr_line' id='line_1_23' title="bbox 368 2198 1981 2270; baseline -0.001 -17"><span class='ocrx_word' id='word_1_137' title='bbox 368 2198 520 2255; x_wconf 85' lang='lat' dir='ltr'><strong>Dant</strong></span> <span class='ocrx_word' id='word_1_138' title='bbox 545 2201 786 2255; x_wconf 86' lang='lat' dir='ltr'><strong>sonitum</strong></span> <span class='ocrx_word' id='word_1_139' title='bbox 817 2200 1060 2270; x_wconf 84' lang='lat' dir='ltr'><strong>spumosi</strong></span> <span class='ocrx_word' id='word_1_140' title='bbox 1087 2216 1293 2267; x_wconf 85' lang='lat' dir='ltr'><strong>amnes,</strong></span> <span class='ocrx_word' id='word_1_141' title='bbox 1321 2206 1379 2254; x_wconf 86' lang='lat' dir='ltr'><strong>et</strong></span> <span class='ocrx_word' id='word_1_142' title='bbox 1402 2200 1463 2253; x_wconf 91' lang='lat' dir='ltr'><strong>in</strong></span> <span class='ocrx_word' id='word_1_143' title='bbox 1486 2216 1726 2269; x_wconf 82' lang='lat' dir='ltr'><strong>aequora</strong></span> <span class='ocrx_word' id='word_1_144' title='bbox 1750 2202 1981 2255; x_wconf 84' lang='lat' dir='ltr'><strong>currunt</strong></span> 
     </span>
     <span class='ocr_line' id='line_1_24' title="bbox 369 2284 2404 2357; baseline -0.002 -16"><span class='ocrx_word' id='word_1_145' title='bbox 369 2288 616 2357; x_wconf 82' lang='lat' dir='ltr'><strong>Quisque</strong></span> <span class='ocrx_word' id='word_1_146' title='bbox 641 2304 800 2341; x_wconf 90' lang='lat' dir='ltr'><strong>suum</strong></span> <span class='ocrx_word' id='word_1_147' title='bbox 829 2289 1124 2356; x_wconf 86' lang='lat' dir='ltr'><strong>populatus</strong></span> <span class='ocrx_word' id='word_1_148' title='bbox 1149 2288 1286 2343; x_wconf 83' lang='lat' dir='ltr'><strong>iter:</strong></span> <span class='ocrx_word' id='word_1_149' title='bbox 1326 2304 1441 2341; x_wconf 90' lang='lat' dir='ltr'><strong>non</strong></span> <span class='ocrx_word' id='word_1_150' title='bbox 1467 2289 1688 2356; x_wconf 78' lang='lat' dir='ltr'><strong>segnius</strong></span> <span class='ocrx_word' id='word_1_151' title='bbox 1712 2288 1875 2341; x_wconf 88' lang='lat' dir='ltr'><strong>ambo</strong></span> <span class='ocrx_word' id='word_1_152' title='bbox 2298 2284 2404 2337; x_wconf 75' lang='lat'><strong>525</strong></span> 
     </span>
     <span class='ocr_line' id='line_1_25' title="bbox 371 2374 1903 2443; baseline -0.002 -15"><span class='ocrx_word' id='word_1_153' title='bbox 371 2374 590 2429; x_wconf 80' lang='lat' dir='ltr'><strong>Aeneas</strong></span> <span class='ocrx_word' id='word_1_154' title='bbox 614 2374 939 2443; x_wconf 86' lang='lat' dir='ltr'><strong>Turnusque</strong></span> <span class='ocrx_word' id='word_1_155' title='bbox 964 2380 1134 2429; x_wconf 84' lang='lat' dir='ltr'><strong>ruunt</strong></span> <span class='ocrx_word' id='word_1_156' title='bbox 1157 2391 1260 2443; x_wconf 88' lang='lat' dir='ltr'><strong>per</strong></span> <span class='ocrx_word' id='word_1_157' title='bbox 1281 2374 1523 2443; x_wconf 64' lang='lat' dir='ltr'><strong>proelia:</strong></span> <span class='ocrx_word' id='word_1_158' title='bbox 1564 2390 1725 2439; x_wconf 86' lang='lat' dir='ltr'><strong>nunc,</strong></span> <span class='ocrx_word' id='word_1_159' title='bbox 1754 2388 1903 2426; x_wconf 89' lang='lat' dir='ltr'><strong>nuno</strong></span> 
     </span>
     <span class='ocr_line' id='line_1_26' title="bbox 369 2455 1757 2529; baseline -0.004 -14"><span class='ocrx_word' id='word_1_160' title='bbox 369 2460 628 2515; x_wconf 88' lang='lat' dir='ltr'><strong>Fluctuat</strong></span> <span class='ocrx_word' id='word_1_161' title='bbox 650 2462 735 2516; x_wconf 87' lang='lat' dir='ltr'><strong>ira</strong></span> <span class='ocrx_word' id='word_1_162' title='bbox 757 2462 937 2525; x_wconf 85' lang='lat' dir='ltr'><strong>intus;</strong></span> <span class='ocrx_word' id='word_1_163' title='bbox 979 2466 1312 2529; x_wconf 87' lang='lat' dir='ltr'><strong>rumpuntur</strong></span> <span class='ocrx_word' id='word_1_164' title='bbox 1334 2461 1523 2513; x_wconf 85' lang='lat' dir='ltr'><strong>nescia</strong></span> <span class='ocrx_word' id='word_1_165' title='bbox 1546 2459 1691 2513; x_wconf 80' lang='lat' dir='ltr'><strong>vinci</strong></span> <span class='ocrx_word' id='word_1_166' title='bbox 1714 2455 1757 2509; x_wconf 56' lang='lat' dir='ltr'><strong>‘x</strong></span> 
     </span>
    </p>

    <p class='ocr_par' dir='ltr' id='par_1_3' title="bbox 315 2544 1709 2617">
     <span class='ocr_line' id='line_1_27' title="bbox 315 2544 1709 2617; baseline -0.002 -15"><span class='ocrx_word' id='word_1_167' title='bbox 315 2608 328 2617; x_wconf 43' lang='grc'><strong><em>,</em></strong></span> <span class='ocrx_word' id='word_1_168' title='bbox 373 2548 637 2615; x_wconf 79' lang='lat' dir='ltr'><strong>Pectora3</strong></span> <span class='ocrx_word' id='word_1_169' title='bbox 679 2565 826 2601; x_wconf 89' lang='lat' dir='ltr'><strong>nunc</strong></span> <span class='ocrx_word' id='word_1_170' title='bbox 853 2548 986 2601; x_wconf 88' lang='lat' dir='ltr'><strong>totis</strong></span> <span class='ocrx_word' id='word_1_171' title='bbox 1009 2548 1066 2601; x_wconf 90' lang='lat' dir='ltr'><strong>in</strong></span> <span class='ocrx_word' id='word_1_172' title='bbox 1093 2548 1324 2601; x_wconf 78' lang='lat' dir='ltr'><strong>volnera</strong></span> <span class='ocrx_word' id='word_1_173' title='bbox 1347 2546 1557 2601; x_wconf 87' lang='lat' dir='ltr'><strong>viribus</strong></span> <span class='ocrx_word' id='word_1_174' title='bbox 1580 2544 1709 2599; x_wconf 87' lang='lat' dir='ltr'><strong>itur.</strong></span> 
     </span>
    </p>

    <p class='ocr_par' dir='ltr' id='par_1_4' title="bbox 332 2582 2410 3571">
     <span class='ocr_line' id='line_1_28' title="bbox 332 2582 1957 2701; baseline -0.005 -11"><span class='ocrx_word' id='word_1_175' title='bbox 332 2582 694 2690; x_wconf 53' lang='lat' dir='ltr'><strong>{martanam</strong></span> <span class='ocrx_word' id='word_1_176' title='bbox 719 2634 825 2701; x_wconf 88' lang='lat' dir='ltr'><strong>hic,</strong></span> <span class='ocrx_word' id='word_1_177' title='bbox 856 2638 1046 2689; x_wconf 78' lang='lat' dir='ltr'><strong>atavos</strong></span> <span class='ocrx_word' id='word_1_178' title='bbox 1071 2639 1128 2687; x_wconf 87' lang='lat' dir='ltr'><strong>et</strong></span> <span class='ocrx_word' id='word_1_179' title='bbox 1157 2648 1387 2687; x_wconf 82' lang='lat' dir='ltr'><strong>avorum</strong></span> <span class='ocrx_word' id='word_1_180' title='bbox 1416 2632 1647 2700; x_wconf 85' lang='lat' dir='ltr'><strong>antiqua</strong></span> <span class='ocrx_word' id='word_1_181' title='bbox 1669 2634 1957 2684; x_wconf 80' lang='lat' dir='ltr'><strong>sonantem</strong></span> 
     </span>
     <span class='ocr_line' id='line_1_29' title="bbox 371 2716 2404 2791; baseline -0.003 -15"><span class='ocrx_word' id='word_1_182' title='bbox 371 2722 627 2785; x_wconf 78' lang='lat' dir='ltr'><strong>Nomina,</strong></span> <span class='ocrx_word' id='word_1_183' title='bbox 657 2736 756 2791; x_wconf 87' lang='lat' dir='ltr'><strong>per</strong></span> <span class='ocrx_word' id='word_1_184' title='bbox 781 2736 1044 2789; x_wconf 76' lang='lat' dir='ltr'><strong>regesque</strong></span> <span class='ocrx_word' id='word_1_185' title='bbox 1069 2724 1251 2775; x_wconf 82' lang='lat' dir='ltr'><strong>actum</strong></span> <span class='ocrx_word' id='word_1_186' title='bbox 1279 2732 1453 2787; x_wconf 77' lang='lat' dir='ltr'><strong>genus</strong></span> <span class='ocrx_word' id='word_1_187' title='bbox 1478 2732 1643 2771; x_wconf 88' lang='lat' dir='ltr'><strong>omne</strong></span> <span class='ocrx_word' id='word_1_188' title='bbox 1669 2716 1911 2783; x_wconf 81' lang='lat' dir='ltr'><strong>Latinos,</strong></span> <span class='ocrx_word' id='word_1_189' title='bbox 2296 2718 2404 2771; x_wconf 73' lang='lat'><strong>630</strong></span> 
     </span>
     <span class='ocr_line' id='line_1_30' title="bbox 371 2803 1839 2877; baseline -0.005 -14"><span class='ocrx_word' id='word_1_190' title='bbox 371 2808 740 2877; x_wconf 82' lang='lat' dir='ltr'><strong>Praecipitem</strong></span> <span class='ocrx_word' id='word_1_191' title='bbox 765 2806 992 2875; x_wconf 86' lang='lat' dir='ltr'><strong>scopulo</strong></span> <span class='ocrx_word' id='word_1_192' title='bbox 1015 2812 1182 2877; x_wconf 80' lang='lat' dir='ltr'><strong>atque</strong></span> <span class='ocrx_word' id='word_1_193' title='bbox 1205 2804 1449 2874; x_wconf 79' lang='lat' dir='ltr'><strong>ingentis</strong></span> <span class='ocrx_word' id='word_1_194' title='bbox 1472 2804 1696 2858; x_wconf 85' lang='lat' dir='ltr'><strong>turbiue</strong></span> <span class='ocrx_word' id='word_1_195' title='bbox 1720 2803 1839 2857; x_wconf 81' lang='lat' dir='ltr'><strong>saxi</strong></span> 
     </span>
     <span class='ocr_line' id='line_1_31' title="bbox 370 2890 1935 2962; baseline -0.004 -13"><span class='ocrx_word' id='word_1_196' title='bbox 370 2894 611 2961; x_wconf 85' lang='lat' dir='ltr'><strong>Excutit,</strong></span> <span class='ocrx_word' id='word_1_197' title='bbox 641 2893 985 2962; x_wconf 81' lang='lat' dir='ltr'><strong>effunditque</strong></span> <span class='ocrx_word' id='word_1_198' title='bbox 1009 2892 1158 2947; x_wconf 83' lang='lat' dir='ltr'><strong>solo:</strong></span> <span class='ocrx_word' id='word_1_199' title='bbox 1196 2892 1346 2947; x_wconf 89' lang='lat' dir='ltr'><strong>hunc</strong></span> <span class='ocrx_word' id='word_1_200' title='bbox 1370 2891 1489 2945; x_wconf 85' lang='lat' dir='ltr'><strong>lora</strong></span> <span class='ocrx_word' id='word_1_201' title='bbox 1512 2896 1571 2944; x_wconf 85' lang='lat' dir='ltr'><strong>et</strong></span> <span class='ocrx_word' id='word_1_202' title='bbox 1592 2892 1723 2960; x_wconf 76' lang='lat' dir='ltr'><strong>iuga</strong></span> <span class='ocrx_word' id='word_1_203' title='bbox 1744 2890 1935 2944; x_wconf 84' lang='lat' dir='ltr'><strong>subter</strong></span> 
     </span>
     <span class='ocr_line' id='line_1_32' title="bbox 371 2976 1767 3047; baseline -0.002 -13"><span class='ocrx_word' id='word_1_204' title='bbox 371 2980 708 3034; x_wconf 77' lang='lat' dir='ltr'><strong>Provolvere</strong></span> <span class='ocrx_word' id='word_1_205' title='bbox 733 2986 921 3047; x_wconf 70' lang='lat' dir='ltr'><strong>rotaet,</strong></span> <span class='ocrx_word' id='word_1_206' title='bbox 961 2980 1160 3033; x_wconf 85' lang='lat' dir='ltr'><strong>crebro</strong></span> <span class='ocrx_word' id='word_1_207' title='bbox 1184 2995 1350 3047; x_wconf 88' lang='lat' dir='ltr'><strong>super</strong></span> <span class='ocrx_word' id='word_1_208' title='bbox 1374 2977 1582 3046; x_wconf 78' lang='lat' dir='ltr'><strong>ungula</strong></span> <span class='ocrx_word' id='word_1_209' title='bbox 1606 2976 1767 3047; x_wconf 85' lang='lat' dir='ltr'><strong>pulsu</strong></span> 
     </span>
     <span class='ocr_line' id='line_1_33' title="bbox 373 3064 1860 3136; baseline -0.002 -16"><span class='ocrx_word' id='word_1_210' title='bbox 373 3066 552 3121; x_wconf 86' lang='lat' dir='ltr'><strong>Incita</strong></span> <span class='ocrx_word' id='word_1_211' title='bbox 575 3082 678 3121; x_wconf 85' lang='lat' dir='ltr'><strong>nec</strong></span> <span class='ocrx_word' id='word_1_212' title='bbox 703 3066 911 3136; x_wconf 63' lang='lat' dir='ltr'><strong>dQEEj</strong></span> <span class='ocrx_word' id='word_1_213' title='bbox 937 3082 1242 3120; x_wconf 88' lang='lat' dir='ltr'><strong>memorum</strong></span> <span class='ocrx_word' id='word_1_214' title='bbox 1267 3064 1553 3134; x_wconf 84' lang='lat' dir='ltr'><strong>proculcat</strong></span> <span class='ocrx_word' id='word_1_215' title='bbox 1576 3080 1860 3134; x_wconf 85' lang='lat' dir='ltr'><strong>equorum.</strong></span> 
     </span>
     <span class='ocr_line' id='line_1_34' title="bbox 372 3152 2410 3222; baseline -0.001 -15"><span class='ocrx_word' id='word_1_216' title='bbox 372 3153 473 3207; x_wconf 88' lang='lat' dir='ltr'><strong>Ille</strong></span> <span class='ocrx_word' id='word_1_217' title='bbox 497 3154 680 3206; x_wconf 86' lang='lat' dir='ltr'><strong>ruenti</strong></span> <span class='ocrx_word' id='word_1_218' title='bbox 707 3152 876 3219; x_wconf 84' lang='lat' dir='ltr'><strong>Hyllo</strong></span> <span class='ocrx_word' id='word_1_219' title='bbox 901 3152 1206 3222; x_wconf 84' lang='lat' dir='ltr'><strong>animisque</strong></span> <span class='ocrx_word' id='word_1_220' title='bbox 1229 3152 1471 3206; x_wconf 81' lang='lat' dir='ltr'><strong>immane</strong></span> <span class='ocrx_word' id='word_1_221' title='bbox 1494 3152 1753 3205; x_wconf 85' lang='lat' dir='ltr'><strong>frementi</strong></span> <span class='ocrx_word' id='word_1_222' title='bbox 2302 3152 2410 3205; x_wconf 77' lang='lat'><strong>585</strong></span> 
     </span>
     <span class='ocr_line' id='line_1_35' title="bbox 373 3240 1819 3309; baseline -0.002 -15"><span class='ocrx_word' id='word_1_223' title='bbox 373 3240 647 3309; x_wconf 86' lang='lat' dir='ltr'><strong>Occurrit,</strong></span> <span class='ocrx_word' id='word_1_224' title='bbox 676 3240 958 3308; x_wconf 75' lang='lat' dir='ltr'><strong>telumque</strong></span> <span class='ocrx_word' id='word_1_225' title='bbox 980 3244 1170 3295; x_wconf 78' lang='lat' dir='ltr'><strong>aurata</strong></span> <span class='ocrx_word' id='word_1_226' title='bbox 1195 3240 1266 3294; x_wconf 84' lang='lat' dir='ltr'><strong>ad</strong></span> <span class='ocrx_word' id='word_1_227' title='bbox 1292 3245 1543 3308; x_wconf 86' lang='lat' dir='ltr'><strong>tempora</strong></span> <span class='ocrx_word' id='word_1_228' title='bbox 1566 3244 1819 3309; x_wconf 87' lang='lat' dir='ltr'><strong>torquet:</strong></span> 
     </span>
     <span class='ocr_line' id='line_1_36' title="bbox 374 3326 1618 3397; baseline 0.001 -16"><span class='ocrx_word' id='word_1_229' title='bbox 374 3328 483 3381; x_wconf 87' lang='lat' dir='ltr'><strong>Olli</strong></span> <span class='ocrx_word' id='word_1_230' title='bbox 510 3344 610 3397; x_wconf 88' lang='lat' dir='ltr'><strong>per</strong></span> <span class='ocrx_word' id='word_1_231' title='bbox 633 3328 842 3396; x_wconf 83' lang='lat' dir='ltr'><strong>galeam</strong></span> <span class='ocrx_word' id='word_1_232' title='bbox 867 3326 982 3381; x_wconf 85' lang='lat' dir='ltr'><strong>fixo</strong></span> <span class='ocrx_word' id='word_1_233' title='bbox 1005 3328 1162 3381; x_wconf 84' lang='lat' dir='ltr'><strong>stetit</strong></span> <span class='ocrx_word' id='word_1_234' title='bbox 1187 3326 1350 3381; x_wconf 86' lang='lat' dir='ltr'><strong>hasta</strong></span> <span class='ocrx_word' id='word_1_235' title='bbox 1374 3326 1618 3382; x_wconf 75' lang='lat' dir='ltr'><strong>cerebro·</strong></span> 
     </span>
     <span class='ocr_line' id='line_1_37' title="bbox 373 3411 1849 3481; baseline -0.001 -14"><span class='ocrx_word' id='word_1_236' title='bbox 373 3412 618 3469; x_wconf 83' lang='lat' dir='ltr'><strong>Dextera</strong></span> <span class='ocrx_word' id='word_1_237' title='bbox 639 3430 742 3468; x_wconf 85' lang='lat' dir='ltr'><strong>nee</strong></span> <span class='ocrx_word' id='word_1_238' title='bbox 767 3419 864 3469; x_wconf 85' lang='lat' dir='ltr'><strong>tua</strong></span> <span class='ocrx_word' id='word_1_239' title='bbox 887 3420 960 3481; x_wconf 88' lang='lat' dir='ltr'><strong>te,</strong></span> <span class='ocrx_word' id='word_1_240' title='bbox 989 3414 1220 3469; x_wconf 86' lang='lat' dir='ltr'><strong>Graium</strong></span> <span class='ocrx_word' id='word_1_241' title='bbox 1247 3414 1559 3480; x_wconf 84' lang='lat' dir='ltr'><strong>fortissime,</strong></span> <span class='ocrx_word' id='word_1_242' title='bbox 1592 3411 1849 3479; x_wconf 81' lang='lat' dir='ltr'><strong>Cretheu,</strong></span> 
     </span>
     <span class='ocr_line' id='line_1_38' title="bbox 373 3496 1641 3571; baseline 0.002 -20"><span class='ocrx_word' id='word_1_243' title='bbox 373 3500 596 3571; x_wconf 86' lang='lat' dir='ltr'><strong>Eripuit</strong></span> <span class='ocrx_word' id='word_1_244' title='bbox 619 3498 836 3568; x_wconf 81' lang='lat' dir='ltr'><strong>Turn03</strong></span> <span class='ocrx_word' id='word_1_245' title='bbox 878 3516 979 3557; x_wconf 87' lang='lat' dir='ltr'><strong>nec</strong></span> <span class='ocrx_word' id='word_1_246' title='bbox 1003 3496 1062 3555; x_wconf 82' lang='lat' dir='ltr'><strong>di</strong></span> <span class='ocrx_word' id='word_1_247' title='bbox 1085 3506 1276 3555; x_wconf 82' lang='lat' dir='ltr'><strong>texere</strong></span> <span class='ocrx_word' id='word_1_248' title='bbox 1303 3500 1641 3570; x_wconf 81' lang='lat' dir='ltr'><strong>Cupencum,</strong></span> 
     </span>
    </p>
   </div>
  </div>
 </body>
</html>
