2725 3892
957 240 1235 292 VERGILI
1279 241 1611 294 AENEIDOS
1654 244 1720 295 Π.

311 401 592 470 Induitur,
618 399 890 470 laterique
913 400 1186 470 Argivum
1211 403 1591 457 accommodat
1615 419 1822 460 ensem.

313 487 444 542 Hoc
466 487 730 557 Riphea,
759 488 864 541 hoc
889 487 1006 556 ipse
1027 487 1239 555 Dymas
1263 489 1551 558 omnisque
1575 490 1835 544 iuventus

314 573 492 629 Laeta
513 573 682 642 facit,
721 573 912 643 spoliis
934 590 993 629 se
1017 573 1244 643 quisque
1267 575 1585 630 recentibus
1604 580 1799 631 armat.

316 659 592 716 Vadimus
613 661 854 714 immixti
878 660 1085 714 Danais
1107 660 1252 714 haud
1277 662 1507 716 numine
1529 671 1737 731 nostro,

317 745 603 816 Multaque
625 762 726 816 per
749 763 968 803 caecam
993 748 1272 816 congressi
1297 748 1508 818 proelia
1530 755 1752 802 noctem

320 833 692 898 Conserimus,
718 833 922 887 multos
943 832 1198 887 Danaum
1222 832 1565 888 demittimus
1589 834 1752 890 Orco.

317 919 637 988 Diffugiunt
661 919 754 974 alii
779 919 852 974 ad
874 920 1047 988 navis,
1075 926 1134 974 et
1156 919 1322 974 litora
1345 935 1509 974 cursu

319 1005 460 1060 Fida
481 1010 679 1076 petunt
693 1024 708 1076 ;
748 1023 878 1076 pars
901 1007 1182 1075 ingentem
1207 1005 1511 1061 formidine
1536 1009 1687 1078 turpi

321 1091 610 1147 Scsndunt
633 1107 820 1146 rursus
843 1109 1046 1162 equum
1071 1097 1128 1146 et
1151 1089 1288 1146 nota
1311 1093 1626 1148 conduntur
1648 1096 1707 1149 in
1733 1095 1875 1151 alvo.

394 1179 520 1234 Heu
543 1179 684 1234 nihil
706 1179 896 1234 invitis
921 1181 1005 1235 fas
1033 1198 1364 1252 quemquam
1390 1181 1561 1236 fidere
1585 1181 1755 1238 divisi

319 1264 466 1321 hoe
487 1266 812 1321 trahebatur
835 1266 1010 1336 passis
1033 1267 1310 1324 Priameia
1333 1268 1495 1338 virgo

323 1352 586 1408 Orinibus
608 1369 643 1407 a
663 1351 875 1422 templo
900 1353 1210 1410 Cassandra
1233 1356 1523 1426 adytisque
1546 1355 1844 1426 Minervae,

321 1439 414 1494 Ad
441 1438 652 1494 caelum
675 1439 912 1501 tendens
935 1440 1188 1496 ardentia
1210 1443 1422 1496 lumina
1444 1443 1743 1512 frustra,—

319 1526 574 1594 Lumin&
598 1543 728 1582 nam
753 1533 973 1584 teneras
999 1529 1261 1584 arcebant
1285 1529 1507 1584 vincula
1530 1531 1755 1600 palmas.

321 1613 456 1668 Non
479 1614 610 1669 tulit
631 1614 778 1669 hanc
802 1616 1042 1684 speciem
1069 1615 1270 1671 furiata
1293 1622 1479 1670 mente
1504 1617 1805 1686 Coroebus,

319 1699 400 1754 Et
420 1717 538 1756 sese
561 1699 806 1755 medium
829 1702 1022 1757 iniecit
1045 1701 1326 1772 periturus
1349 1703 1409 1756 in
1436 1719 1650 1771 agmen.

323 1785 725 1858 Consequimur
749 1789 934 1844 cuncti
961 1799 1018 1844 et
1041 1789 1224 1843 densis
1247 1789 1579 1844 incurrimus
1604 1791 1790 1847 armis.

321 1873 432 1929 Hic
455 1875 694 1945 primum
721 1891 790 1930 ex
815 1875 932 1930 alto
955 1875 1168 1930 delubri
1194 1875 1431 1930 culmine
1456 1877 1583 1931 telis

319 1961 655 2018 Nostrorum
681 1963 982 2032 obruimur,
1010 1961 1293 2032 oriturque
1315 1963 1623 2018 miserrima
1648 1963 1845 2018 caedes

320 2049 624 2105 Armorum
648 2050 788 2105 facie
811 2053 868 2104 et
891 2049 1181 2104 Graiarum
1207 2065 1397 2102 errore
1419 2050 1690 2104 iubarum.

319 2134 462 2189 Tum
486 2135 666 2190 Danai
693 2136 899 2204 gemitu
931 2141 1098 2205 atque
1123 2141 1348 2205 ereptae
1374 2137 1601 2205 virginis
1624 2137 1708 2190 ira

321 2221 583 2293 Undique
605 2224 820 2280 collecti
845 2224 1129 2291 invadunt,
1159 2224 1459 2278 acerrimus
1483 2224 1643 2290 Aiax,

319 2307 400 2364 Et
422 2311 628 2380 gemini
655 2313 899 2382 Atridae,
929 2311 1316 2380 Dolopumque
1343 2311 1617 2365 exercitus
1642 2311 1849 2367 omnis:

321 2395 562 2452 Adversi
585 2405 753 2468 rupto
777 2415 878 2454 ceu
903 2398 1176 2468 quondam
1204 2397 1424 2452 turbine
1449 2397 1603 2451 venti

321 2482 657 2555 Oonfligunt,
685 2485 1080 2556 Zephyrusque
1105 2483 1395 2552 Notusque
1421 2490 1478 2538 et
1499 2483 1677 2538 laetus
1700 2483 1832 2538 Eois

319 2569 503 2626 Eurus
525 2574 710 2642 equis;
750 2572 994 2627 stridunt
1019 2571 1202 2640 silvae,
1233 2572 1518 2640 saevitque
1541 2569 1770 2624 tridenti

321 2655 592 2728 Spumeus
615 2666 782 2730 atque
805 2659 920 2714 imo
943 2657 1160 2714 Nereus
1183 2660 1293 2712 ciet
1317 2673 1557 2727 aequora
1579 2656 1769 2714 fundo.

319 2741 412 2797 Illi
435 2746 618 2814 etism,
646 2747 692 2800 si
717 2763 854 2816 quos
878 2746 1113 2801 obscura
1137 2749 1304 2800 nocte
1329 2761 1429 2814 per
1455 2743 1705 2798 umbram

319 2829 582 2886 Fudimus
603 2833 818 2887 insidiis
841 2838 1068 2903 totaque
1092 2833 1421 2902 agitavimus
1442 2831 1595 2900 urbe,

317 2919 642 2990 Apparent3
683 2920 850 2990 primi
876 2920 1082 2990 clipeos
1104 2919 1448 2989 mentitaque
1470 2917 1585 2972 tela

317 3005 665 3074 Agnoscunt,
693 3013 858 3076 utque
883 3021 984 3060 ors
1007 3022 1144 3060 sono
1169 3005 1445 3060 discordia
1467 3005 1701 3074 signant.

315 3091 478 3147 Ilicet
503 3087 792 3148 obruimur
815 3108 1075 3161 numen-03
1117 3093 1433 3162 primusque
1458 3092 1740 3147 Ooroebus

315 3177 540 3234 Penelei
565 3179 766 3236 dextra
787 3179 948 3235 divae
973 3180 1356 3249 armipotentis
1381 3180 1451 3232 ad
1476 3195 1627 3233 aram

313 3263 676 3333 Ptocumbit3
716 3265 866 3320 cadit
887 3271 945 3320 et
970 3264 1230 3335 Riphea&
1259 3265 1591 3319 iustissimus
1615 3281 1756 3318 unus

317 3349 426 3416 Qui
453 3352 564 3406 tuit
587 3351 646 3406 in
671 3349 894 3406 Teucris
919 3357 976 3407 et
1000 3351 1443 3406 servantissimus
1470 3352 1656 3421 aequi3

313 3437 418 3492 Dis
442 3437 608 3494 aliter
631 3438 840 3506 visum3
890 3445 1126 3508 pereunt
1172 3437 1531 3508 Hypanisque
1554 3435 1872 3506 Dymasque

315 3523 538 3580 Confixi
562 3540 599 3579 a
619 3525 782 3580 sociis
781 3541 956 3736 Nec
976 3530 1038 3580 te
1061 3531 1158 3579 tua
1179 3523 1436 3594 plurima,
1464 3521 1699 3590 Panthu,

2248 581 2353 634 895

2249 1013 2355 1064 400

2253 1447 2357 1499 405

2252 1880 2359 1932 410

2253 2315 2355 2366 415

2249 2747 2354 2798 420

2248 3177 2352 3228 425
