2725 3892
1003 188 1276 242 VERGILI
1322 189 1651 240 AENEIDOS
1696 189 1788 241 111.

355 351 564 424 Linqui
591 350 880 422 pollutum
901 348 1218 418 hospitium,
1247 355 1306 404 et
1329 349 1463 404 dare
1488 348 1753 404 classibus
1778 355 2009 406 austros.

356 439 513 509 Ergo
536 441 921 494 instauramus
943 435 1224 502 Polydoro
1249 437 1447 490 funus:
1490 442 1547 490 et
1571 437 1767 503 ingens

359 525 678 596 Aggeritur
702 521 922 578 tumulo
944 521 1134 590 tellus;
1175 527 1327 576 stant
1348 521 1607 578 Manibus
1632 539 1777 592 arae,

365 612 658 667 Caeruleis
679 613 926 664 maestae
951 609 1108 662 vittis
1131 615 1358 678 atraque
1382 625 1659 678 cupressu,

365 699 444 754 Et
467 699 682 754 circum
706 695 908 750 Iliades
931 694 1140 750 erinem
1163 694 1236 750 de
1259 711 1415 750 more
1440 695 1681 763 solutae3

369 785 676 840 Interimus
701 782 892 852 tepido
913 781 1228 860 spumantia
1251 782 1473 849 cymbia
1495 782 1637 837 laete

375 870 674 939 Sanguinis
697 874 756 924 et
778 868 920 922 sacri
946 873 1182 937 pateras,
1207 868 1555 936 animamque
1580 868 1833 937 sepulcro

377 957 698 1024 Ooudimua
727 960 783 1010 et
807 971 1008 1024 magna
1031 970 1348 1024 supremum
1374 971 1513 1008 voce
1536 954 1761 1010 ciemus.

445 1043 600 1112 Inde,
627 1042 725 1095 ubi
747 1042 928 1111 prima
951 1040 1086 1094 fides
1109 1038 1322 1110 pelago,
1347 1039 1673 1110 placataque
1696 1042 1849 1096 venti

377 1130 530 1184 Dant
551 1129 730 1183 maria
753 1135 810 1182 et
831 1127 972 1182 lenis
997 1127 1274 1196 crepitans
1291 1133 1457 1181 vocat
1480 1133 1665 1182 auster
1688 1128 1747 1182 in
1772 1127 1963 1199 altum,

376 1216 675 1271 Deducunt
692 1213 826 1268 socii
849 1214 1009 1268 navis
1034 1223 1094 1268 et
1115 1213 1284 1268 litora
1305 1213 1605 1284 complent.

379 1300 746 1356 Provehimur
767 1305 952 1369 portu,
981 1305 1269 1369 terraeque
1293 1300 1563 1370 urbesque
1586 1301 1865 1356 recedunt.

379 1387 546 1442 Sacra
567 1387 705 1440 mari
731 1385 932 1441 colitur
956 1385 1138 1440 medio
1161 1387 1478 1456 gratissima
1500 1386 1663 1456 tellus

378 1473 432 1527 N
435 1459 678 1528 ereidffm
702 1473 868 1528 matri
893 1478 951 1526 et
975 1471 1238 1544 Neptuno
1261 1473 1503 1545 Aegaeo,

379 1559 558 1626 Quam
583 1561 706 1629 pius
730 1559 1064 1614 Arcitenens
1087 1576 1214 1616 oras
1237 1565 1296 1616 et
1318 1561 1485 1616 litora
1508 1562 1717 1618 circum

377 1645 668 1701 Errantem
693 1645 932 1714 Mycono
958 1665 989 1702 e
1013 1647 1160 1703 celsa
1183 1641 1479 1719 Gyaroque
1502 1651 1761 1720 revinxit,

377 1735 782 1806 Immotamque
805 1733 914 1789 coli
939 1733 1096 1789 dedit
1117 1739 1176 1788 et
1199 1741 1557 1792 contemnere
1581 1743 1791 1792 ventos.

375 1823 502 1880 Huc
525 1825 705 1893 ferox-3
745 1824 884 1880 haee
907 1825 1085 1880 fessos
1108 1830 1232 1880 tuto
1257 1823 1627 1894 placidissima
1647 1829 1813 1893 portu

377 1911 615 1981 Accipit.
689 1912 908 1982 Egressi
934 1929 1262 1968 veneramur
1283 1913 1563 1982 Apollinis
1587 1912 1797 1966 urbem.

375 1997 497 2052 Rex
525 1999 718 2067 Anius,
744 2015 843 2054 rex
867 2000 1016 2053 idem
1038 1999 1328 2054 hominum
1353 1999 1677 2068 Phoebique
1700 1997 1971 2066 sacerdos,

375 2084 554 2140 Vittis
577 2090 634 2140 et
655 2103 808 2142 sacra
833 2087 1122 2142 redimitus
1143 2093 1396 2159 tempora
1416 2087 1591 2156 laute,

377 2175 667 2243 Occurrit3
705 2181 952 2230 veterem
977 2174 1261 2230 Anchisen
1285 2175 1535 2244 agnoscit
1558 2175 1813 2230 amicum.

375 2261 662 2332 Iungimus
681 2261 924 2332 hospitio
947 2261 1188 2329 dextras,
1217 2266 1276 2315 et
1297 2265 1453 2316 tecta
1474 2261 1737 2316 subimus.

449 2347 675 2418 Templa
695 2347 784 2404 dei
809 2365 944 2404 saxo
966 2349 1272 2404 venerabar
1294 2353 1507 2404 structa
1528 2353 1785 2404 vetusto:

379 2437 416 2466 ‘⁴
435 2435 522 2490 Da
543 2436 840 2506 propriam,
868 2434 1232 2506 Thymbraee,
1259 2435 1517 2504 domum3
1556 2435 1631 2492 da
1652 2436 1871 2492 moenia
1894 2436 2055 2492 fessis

375 2521 452 2578 Et
474 2539 645 2592 genus
669 2529 726 2578 et
749 2539 1064 2578 mansuram
1089 2523 1314 2591 urbem;
1355 2539 1515 2578 serva
1538 2523 1715 2580 altera
1736 2522 1933 2578 Troiae

375 2607 661 2678 Pergama,
687 2609 946 2680 reliquias
967 2609 1224 2666 Danaum
1249 2615 1417 2682 atque
1438 2611 1667 2666 immitis
1688 2609 1913 2666 Achilli.

379 2693 556 2762 Quem
581 2697 892 2767 sequimur?
929 2715 1112 2768 quove
1133 2698 1218 2753 ire
1241 2698 1435 2754 iubes?
1470 2698 1567 2754 ubi
1590 2713 1799 2768 ponere
1820 2695 2014 2754 sedes?

375 2779 480 2848 Da,
507 2787 682 2852 pater,
709 2783 1014 2852 augurium,
1043 2789 1210 2854 atque
1234 2785 1435 2838 animis
1458 2783 1705 2840 inlabere
1726 2781 1988 2838 nostris.”

447 2866 563 2923 Vix
587 2885 654 2924 ea
675 2869 822 2924 fatus
845 2885 1024 2926 eram:
1063 2875 1304 2926 tremere
1327 2871 1517 2925 omnia
1540 2871 1659 2926 visa
1680 2873 1927 2939 repente,

375 2953 702 3026 Liminaque
723 2955 1018 3028 laurusque
1039 2956 1146 3025 dei,
1173 2961 1433 3026 totusque
1454 2957 1669 3012 moveri

377 3039 538 3096 Mons
560 3041 784 3112 circum,
813 3046 872 3096 et
895 3043 1108 3111 mugire
1131 3043 1314 3112 adytis
1339 3043 1561 3098 eortina
1582 3042 1825 3098 reclusis.

373 3126 644 3182 Submissi
667 3129 904 3198 petimus
925 3133 1146 3198 terram,
1175 3135 1234 3184 et
1259 3146 1366 3184 vox
1392 3131 1569 3184 fertur
1592 3129 1663 3184 ad
1686 3129 1867 3185 auris:

379 3213 415 3242 ‘⁸
432 3212 786 3268 Dardanidae
809 3213 948 3284 duri,
978 3230 1118 3284 quae
1141 3231 1240 3270 vos
1263 3231 1298 3270 a
1321 3217 1493 3285 stirpe
1516 3220 1813 3285 parentum

374 3297 567 3354 Prima
587 3299 717 3354 tulit
739 3299 920 3370 tellus,
947 3302 1142 3357 eadem
1169 3319 1266 3358 vos
1279 3303 1453 3358 ubere
1475 3301 1627 3358 laeto

375 3385 634 3455 Accipiet
657 3386 904 3444 reduces.
975 3388 1284 3458 Antiquam
1305 3389 1581 3458 exquirite
1602 3392 1858 3444 matrem.

374 3471 484 3526 Hic
507 3471 706 3528 domus
728 3473 954 3528 Aeneae
979 3476 1194 3530 cunetis
1215 3475 1595 3530 dominabitur
1620 3473 1751 3540 oris,

2340 1129 2411 1186 '10
