2725 3892
1011 204 1284 257 VERGILI
1329 206 1465 257 AEN
1468 206 1659 258 EIDOS
1700 206 1789 258 11.

381 368 434 423 Ο
461 384 589 423 vere
613 366 906 435 Phrygiae,
931 382 1114 436 neque
1137 367 1286 431 enim
1309 366 1575 435 Phryges,
1604 368 1681 421 ite
1706 382 1807 436 per
1830 367 1943 422 alta

381 454 678 523 Dindyma,
706 454 798 508 ubi
827 453 1070 508 adsuetis
1095 451 1327 509 biforem
1355 454 1453 509 dat
1477 454 1615 507 tibia
1636 458 1881 509 cantum.

381 538 668 611 Tympana
691 557 794 595 vos
815 540 1102 610 buxusque
1126 546 1290 595 vocat
1311 526 1645 607 Berecyntia
1666 540 1864 595 Matris

353 627 606 724 >Idaeam
634 616 808 681 usinite
833 644 990 681 arma
1011 627 1159 697 viris,
1189 632 1248 681 et
1268 626 1453 681 cedite
1476 620 1678 682 feri-03²

340 725 359 742 ²
383 714 538 768 Talia
559 712 856 767 iactantem
881 713 1044 768 dictis
1068 730 1132 769 ac
1155 714 1279 769 dira
1301 718 1589 767 canentem

384 800 514 856 Non
536 800 666 853 tulit
692 799 994 867 Ascanium
1029 815 1314 869 nervoque
1337 799 1605 853 obversus
1629 800 1831 869 equino

383 885 688 941 Contendit
712 886 898 951 telum,
927 885 1538 955 diversaque'bracehia
1560 886 1769 941 ducens

383 973 666 1042 Constitit,
695 978 823 1027 ante
848 972 1042 1027 Iovem
1067 972 1298 1042 supplex
1323 988 1423 1042 per
1447 979 1582 1028 vota
1603 977 1889 1042 precatus:

385 1064 422 1089 “
437 1060 686 1129 Iuppiter
714 1061 1084 1129 omnipotens,
1107 1058 1407 1115 audacibus
1430 1058 1611 1114 adnue
1635 1060 1863 1129 coeptis.

382 1145 507 1217 Ipse
529 1145 633 1200 tibi
659 1146 728 1201 ad
755 1152 851 1201 tua
872 1144 1083 1215 templa
1107 1147 1278 1201 feram
1307 1136 1599 1201 sollemnia
1622 1145 1784 1215 dona,

381 1233 456 1288 Et
479 1238 720 1288 statuam
744 1238 875 1288 ante
899 1250 1022 1287 aras
1045 1220 1239 1287 aurata
1259 1234 1447 1288 fronte
1472 1234 1779 1302 iuvencum,

383 1320 742 1391 Gaudentem,
769 1322 1086 1389 pariterque
1110 1326 1280 1389 caput
1301 1338 1427 1375 eum
1452 1326 1632 1375 matre
1652 1321 1941 1387 ferentem,

383 1408 500 1463 lum
527 1424 698 1462 cornu
717 1412 874 1477 petat
899 1412 958 1461 et
981 1408 1214 1477 pedibus
1243 1408 1336 1477 qui
1361 1415 1585 1478 spargat
1608 1406 1927 1463 harenam.”

361 1486 578 1549 'Audiit
601 1499 660 1549 et
684 1494 822 1549 caeli
847 1493 1084 1549 Genitor
1109 1494 1178 1550 de
1202 1500 1362 1565 parte
1386 1511 1580 1551 serena

383 1578 636 1636 Intonuit
657 1580 908 1635 laevum:
951 1587 1114 1636 sonat
1138 1597 1249 1637 una
1271 1583 1462 1637 fatifer
1488 1598 1661 1637 arcus.

382 1667 590 1737 Effugit
611 1666 948 1721 horrendum
974 1668 1211 1723 stridens
1235 1668 1473 1725 adducta
1494 1670 1711 1739 sagitta,

381 1755 594 1825 Perque
619 1762 784 1823 caput
810 1754 1030 1809 Remuli
1055 1756 1212 1810 venit
1235 1762 1294 1809 et
1317 1773 1453 1811 cava
1476 1764 1727 1826 tempora
1754 1757 1903 1811 ferro

381 1840 603 1897 Ttaieit.
679 1843 715 1871 “
731 1841 778 1910 Ι,
805 1842 992 1897 verbis
1010 1844 1273 1897 virtutem
1294 1842 1485 1897 inlude
1510 1841 1786 1912 superbis!

375 1928 480 1995 Bis
503 1930 650 1999 capti
675 1929 926 1999 Phryges
951 1930 1090 1987 haec
1113 1930 1335 1985 Rutulis
1357 1946 1620 1999 responsa
1643 1926 1992 1984 remittunt.”

383 2014 508 2069 Hoc
531 2021 745 2071 tantum
775 2016 1076 2083 Ascanius3
1120 2016 1316 2071 Teucri
1341 2016 1583 2071 elamore
1606 2021 1913 2085 sequuntur

383 2101 727 2172 Laetitiaque
749 2104 998 2159 fremunt
1023 2104 1342 2191 animosque
1369 2102 1437 2156 ad
1462 2102 1643 2156 sidera
1666 2102 1889 2156 tollunt.

383 2178 794 2243 Aetherisstum
817 2190 968 2245 forte
993 2190 1155 2260 plaga
1177 2190 1413 2243 crinitus
1437 2188 1643 2257 Apollo

382 2272 635 2344 Desuper
660 2274 936 2331 Ausonias
959 2276 1105 2333 acies
1129 2276 1436 2345 urbemque
1464 2275 1698 2343 videbat,

382 2359 548 2416 Nube
572 2361 783 2431 sedem,
811 2370 977 2433 atque
1001 2365 1092 2419 his
1117 2364 1385 2419 victorem
1410 2362 1636 2417 adfatur
1661 2359 1875 2415 Iulum:

387 2448 422 2476 “
437 2446 619 2502 Macte
643 2430 790 2503 nov}
811 2450 1036 2519 virtute,
1065 2468 1232 2519 puer;
1276 2450 1354 2505 sic
1380 2450 1493 2503 itur
1518 2448 1589 2504 ad
1614 2453 1781 2516 astra,

309 2532 485 2615 521)ss
506 2536 691 2603 genite
717 2541 774 2589 et
798 2537 1050 2604 geniture
1077 2538 1224 2609 dece,
1301 2538 1429 2592 Iure
1456 2536 1642 2590 omnia
1667 2534 1812 2589 bella

357 2612 563 2675 ‘Gente
589 2622 691 2676 sub
717 2622 972 2677 Assaraci
997 2624 1118 2678 fato
1145 2628 1381 2679 ventura
1404 2623 1666 2691 resident,

383 2706 504 2761 Nec
527 2713 586 2763 te
609 2708 776 2762 Troia
799 2708 1002 2777 capit.”
1076 2708 1254 2763 Simul
1277 2710 1416 2765 haec
1444 2710 1645 2765 effatus
1668 2708 1737 2763 ab
1764 2708 1879 2763 alto

383 2792 632 2849 Aethere
657 2811 716 2849 se
739 2795 931 2861 mittit,
959 2796 1218 2865 spirantis
1243 2796 1493 2851 dimovet
1520 2813 1696 2861 aurae,

383 2881 790 2951 Ascaniumque
815 2880 974 2950 petit.
1049 2881 1308 2937 Formam
1333 2888 1453 2937 tum
1482 2884 1721 2937 vertitur
1747 2880 1861 2935 oris

383 2966 694 3037 Antiquum
721 2968 782 3021 iu
806 2966 1008 3021 Buten.
1085 2968 1194 3023 Hie
1217 2967 1501 3023 Dardanio
1526 2967 1814 3023 Anchisae

385 3052 646 3123 Armiger
669 3059 800 3109 ante
823 3054 932 3107 fuit
953 3053 1204 3123 fidusque
1227 3054 1292 3109 ad
1321 3054 1515 3108 limina
1536 3060 1755 3119 eustos;

383 3140 522 3193 Tum
548 3142 808 3194 comitem
829 3140 1076 3195 Ascanio
1099 3147 1258 3209 pater
1281 3140 1509 3194 addidit.
1581 3139 1709 3193 Ibat
1730 3139 1937 3209 Apollo

386 3225 590 3297 Q-Qnia
611 3226 882 3295 longaevo
901 3225 1112 3295 similia,
1141 3242 1443 3295 vocemque
1467 3225 1821 3294 coloremque

383 3310 458 3366 Et
481 3312 652 3367 erinis
675 3312 830 3366 albos
857 3318 913 3366 et
929 3328 1092 3366 saeva
1115 3312 1409 3366 sonoribus
1434 3328 1601 3380 arma,

387 3399 574 3468 Atque
596 3398 684 3453 his
709 3399 994 3454 ardentem
1020 3399 1184 3453 dictis
1207 3398 1429 3453 adfatur
1454 3398 1663 3452 Iulum:

390 3484 524 3539 “Sit
549 3487 703 3555 eatis,
734 3485 966 3553 Aenide‚
992 3483 1120 3539 telis
1141 3486 1368 3555 impune
1396 3484 1715 3539 Numanum

2314 630 2418 681 ⁶20

2316 1061 2417 1113 625

2317 1495 2420 1545 630

2316 1928 2418 1978 685

2323 3214 2425 3265 650
