2725 3892
956 180 1229 232 venem
1276 156 1648 234 enonemou
1699 183 1766 234 11.

346 343 543 398 Tristia
566 347 939 413 temptantum
965 351 1129 398 sensu
1154 342 1437 413 torquebit
1461 359 1694 400 amaror.

344 429 571 500 Pinguis
593 431 729 485 item
755 445 895 500 quae
920 429 993 484 sit
1016 429 1327 498 tellus,.hoo
1350 429 1592 500 denique
1616 435 1782 502 paeto

345 517 650 572 Disoimus:
692 516 841 572 haud
864 533 1121 586 umquam
1148 517 1400 572 manibus
1424 518 1628 572 iactata
1651 517 1872 586 fatiscit,

346 603 451 658 Sed
476 604 617 674 picis
638 603 697 657 in
722 619 933 659 morem
958 601 1029 658 ed
1052 603 1257 672 digitos
1279 602 1536 658 lentescit
1559 603 1832 660 habendo.

346 690 546 746 Umida
568 689 805 745 maiores
829 689 1028 745 herbas
1052 689 1165 756 alit,
1194 690 1422 760 ipsaque
1445 689 1592 746 iusto

344 777 581 834 Laetior.
656 777 751 831 Ah
776 776 1004 831 nimium
1030 792 1102 831 ne
1126 777 1199 830 sit
1222 776 1359 830 mihi
1385 777 1584 832 fertilis
1609 777 1720 844 illa,

342 863 397 918 N
398 879 468 919 eu
491 881 551 919 se
572 863 945 934 praevalidam
970 862 1165 932 primis
1188 862 1448 918 ostendat
1471 864 1688 920 aristis!

344 951 497 1018 Quae
519 951 705 1020 gravis
727 955 829 1019 est,
854 950 979 1020 ipso
1003 949 1229 1006 tacitam
1253 966 1315 1006 se
1336 949 1582 1019 pondere
1607 951 1808 1019 prodit,

343 1035 605 1107 Quaeque
629 1037 781 1093 levis.
856 1035 1187 1106 Promptum
1210 1039 1297 1090 est
1322 1037 1496 1090 oeulis
1521 1037 1870 1105 praediseere
1893 1039 2124 1106 nigram,

340 1123 417 1178 Et
439 1125 561 1194 quis
583 1123 673 1179 eui
696 1123 867 1180 eolor.
938 1124 1023 1178 At
1044 1123 1372 1180 sceleratum
1397 1126 1688 1195 exquirere
1714 1125 1890 1194 frigus

340 1210 575 1266 Difficile
599 1217 717 1266 est:
756 1210 947 1280 piceae
969 1215 1189 1266 tantum
1214 1212 1440 1282 taxique
1464 1217 1730 1268 nocentes

340 1297 629 1353 Interdum
652 1303 748 1352 aut
772 1297 1009 1352 hederae
1034 1297 1287 1366 pandunt
1312 1299 1546 1367 vestigia
1567 1300 1773 1368 nigrae.

412 1383 515 1440 His
534 1383 947 1452 animadversis,
976 1389 1181 1440 terram
1208 1385 1388 1445 multo
1413 1391 1544 1440 ante
1571 1393 1846 1442 memento

342 1471 665 1542 Exeoquere
690 1475 747 1526 et
768 1487 999 1540 magnos
1024 1471 1309 1528 sei-obibus
1330 1473 1623 1554 concidere
1652 1475 1875 1542 montis,

341 1559 493 1614 Ante
516 1557 800 1628 supinatas
822 1558 1069 1629 aquiloni
1094 1559 1388 1616 ostendere
1411 1559 1644 1630 glaebas,

341 1645 520 1712 Quam
544 1645 749 1701 laetum
774 1646 1017 1701 infodias
1036 1646 1169 1702 vitis
1190 1663 1378 1716 genus.
1419 1661 1424 1668 ⁴
1460 1646 1688 1717 Optima
1707 1648 1860 1716 putri

340 1734 495 1789 Arva
517 1734 670 1789 solo:
711 1733 769 1788 id
792 1733 949 1789 venti
972 1741 1171 1790 curant
1193 1733 1512 1805 gelidaeque
1541 1735 1774 1804 pruinae

340 1820 412 1876 Et
432 1821 705 1876 labefacta
726 1836 959 1874 movens
982 1821 1241 1876 robustus
1264 1821 1456 1888 iugera
1481 1822 1676 1876 fossor.

340 1909 441 1972 Ae,
470 1909 517 1962 si
545 1924 685 1978 quos
707 1906 857 1962 haud
884 1905 999 1962 ulla
1020 1909 1173 1962 viros
1197 1907 1484 1977 vigilantia
1506 1908 1662 1978 fugit,

344 1995 492 2050 Ante
514 1995 694 2050 locum
723 1994 959 2050 similem
982 1995 1295 2064 exquirunt,
1325 1995 1423 2048 ubi
1452 1995 1633 2064 prima
1655 2007 1880 2064 paretur

339 2081 655 2137 Arboribus
676 2097 831 2152 seges
853 2085 913 2136 et
934 2097 1047 2150 quo
1070 2097 1201 2136 mox
1224 2080 1440 2149 digesta
1463 2081 1688 2147 feratur,

338 2167 612 2224 Mutatam
637 2169 895 2238 ignorent
918 2167 1103 2224 subito
1126 2184 1199 2223 ne
1224 2169 1438 2222 semina
1463 2175 1716 2223 matrem.

341 2253 487 2322 Quin
512 2255 682 2311 etiam
712 2255 851 2312 caeli
876 2253 1157 2324 regionem
1186 2255 1243 2310 in
1268 2255 1478 2310 cortice
1501 2255 1736 2323 signant,

340 2339 431 2406 Ut,
458 2359 569 2412 quo
592 2358 841 2412 quaeque
866 2340 1033 2396 modo
1056 2341 1289 2409 steterit,
1320 2357 1430 2411 qua
1453 2353 1610 2411 parte
1635 2342 1846 2396 calores

339 2430 636 2485 Austrinos
662 2429 870 2498 tulerit,
895 2445 1037 2500 quae
1060 2435 1217 2499 terga
1240 2427 1546 2484 obverterit
1569 2429 1678 2492 axi,

338 2513 690 2570 Restituant:
732 2513 871 2570 adeo
898 2515 955 2568 in
978 2515 1187 2570 teneris
1211 2529 1568 2569 consuescere
1593 2512 1826 2568 multum
1853 2523 1954 2569 est.

340 2601 587 2658 Collibus
610 2619 679 2656 an
706 2601 874 2672 plano
900 2601 1095 2656 melius
1120 2603 1193 2658 sit
1216 2617 1425 2672 ponere
1450 2601 1638 2669 vitem,

338 2687 555 2755 Quaere
578 2689 748 2759 prius.
823 2687 881 2744 si
906 2688 1127 2758 pinguis
1150 2703 1315 2757 agros
1340 2688 1621 2743 metabere
1647 2689 1842 2758 campi,

336 2775 525 2830 Densa
546 2791 699 2830 sere:
740 2775 798 2830 iu
822 2775 995 2830 denso
1020 2791 1131 2830 non
1156 2775 1378 2844 segnior
1405 2775 1572 2830 ubere
1599 2774 1880 2844 Bacchus3

337 2860 435 2916 Sin
457 2861 687 2917 tumulis
710 2861 919 2917 acelive
944 2860 1119 2916 solum
1145 2859 1410 2932 collisque
1435 2861 1678 2930 supinos,

336 2945 436 3000 Ind
446 2946 569 3016 ulge
592 2945 895 3015 ordinibus,
922 2961 1027 3000 nee
1050 2945 1221 3000 setius
1244 2945 1426 3000 omnis
1449 2945 1506 2998 in
1535 2961 1773 3016 unguem

336 3031 646 3087 Arboribus
668 3031 865 3103 positis
888 3039 1041 3086 seoto
1066 3031 1161 3096 via
1180 3031 1353 3086 limite
1381 3031 1630 3102 quadret.

337 3115 414 3173 Ut,
436 3135 601 3189 saepe
624 3117 839 3188 ingenti
866 3118 1013 3172 bello
1038 3135 1161 3172 cum
1187 3117 1355 3188 longa
1378 3117 1638 3174 cohortes

334 3203 615 3275 Explicuit
636 3205 799 3275 legio,
827 3209 887 3258 et
908 3221 1104 3274 eampo
1128 3207 1285 3260 stetit
1308 3222 1507 3274 agmen
1533 3211 1744 3276 aperto,

334 3289 713 3362 Derectaeque
736 3291 895 3359 acies,
924 3307 991 3347 ae
1014 3289 1127 3345 late
1149 3289 1378 3346 fluctuat
1403 3293 1581 3346 omnis

334 3377 483 3432 Aere
504 3377 781 3433 renidenti
808 3375 987 3442 tellus,
1016 3377 1249 3432 necdum
1276 3377 1504 3434 horrida
1527 3379 1760 3432 miscent

331 3459 565 3534 Proelia,
593 3463 687 3520 sed
714 3463 917 3519 dubius
942 3461 1137 3517 mediis
1160 3461 1309 3517 Mars
1334 3468 1482 3518 errat
1508 3464 1564 3518 in
1591 3463 1790 3519 armis:

2271 608 2376 662 260

2268 1043 2370 1094 255

2269 1477 2372 1530 260

2270 1911 2371 1964 265

2268 2345 2371 2400 270

2267 2777 2369 2834 276

2267 3204 2372 3258 280
