2725 3892
981 189 1258 240 VERGILI
1302 189 1631 240 AENEIDOS
1677 189 1765 238 IV.

346 352 548 407 Erecta
574 352 787 420 ingenti
813 351 990 406 taedis
1017 357 1182 420 atque
1209 350 1332 404 ilice
1357 355 1524 417 secta,

347 438 701 508 Intenditque
727 437 910 492 locum
934 438 1094 492 sertis
1119 443 1176 492 et
1201 437 1401 491 fronde
1425 443 1659 491 coronat

348 526 624 583 Funerea:
667 540 832 593 super
858 525 1084 578 exuvias
1109 539 1407 593 ensemque
1430 523 1685 578 relictum

347 612 708 680 Effigiemque
737 619 863 664 toro
888 611 1050 679 locat,
1081 611 1228 666 haud
1255 611 1447 679 ignara
1468 609 1663 664 futuri.

349 701 510 754 Stant
533 714 660 753 arae
683 698 908 762 circum,
937 705 996 750 et
1020 698 1188 751 crinis
1213 697 1389 750 effusa
1414 695 1671 750 sacerdos

347 787 455 840 Ter
479 791 702 840 centum
725 789 887 838 tonat
910 798 1008 837 ore
1033 782 1180 849 deos,
1212 783 1563 852 Erebumque
1589 782 1881 852 Chaosque

348 873 838 942 Tergeminamqne
863 869 1124 938 Hecaten,
1155 871 1266 924 tria
1292 870 1521 938 virginis
1548 885 1647 923 ora
1670 869 1897 924 Dianae.

348 959 634 1028 Sparserat
659 962 718 1012 et
741 957 933 1011 latices
956 956 1238 1011 simulatos
1264 956 1439 1009 sontis
1464 955 1690 1022 Averni,

347 1043 604 1098 Falcibus
627 1049 685 1098 et
711 1059 917 1098 messae
943 1043 1014 1098 ad
1041 1043 1252 1097 Lunam
1284 1047 1625 1111 quaeruntur
1648 1042 1803 1096 a'enis

347 1131 628 1186 Pubentes
651 1131 858 1186 herbae
881 1131 1023 1200 nigri
1049 1147 1168 1184 cum
1197 1129 1342 1184 lacte
1368 1130 1563 1182 veneni
1584 1148 1597 1196 3

350 1218 648 1283 Quaeritur
673 1223 730 1274 et
755 1219 1030 1274 nascentis
1052 1219 1178 1286 equi
1207 1217 1278 1270 de
1304 1217 1495 1269 fronte
1524 1215 1769 1270 revulsus

349 1305 423 1359 Et
447 1305 616 1362 matri
639 1313 965 1376 praereptus
989 1321 1160 1360 amor.

349 1392 477 1462 Ipsa
500 1393 650 1448 mola
672 1393 1030 1462 manibusque
1057 1391 1162 1460 piis
1187 1391 1383 1444 altaria
1406 1391 1577 1457 iuxta,

349 1479 534 1536 Unum
561 1485 730 1536 exuta
756 1479 950 1548 pedem
977 1478 1188 1547 vinclis,
1219 1479 1277 1532 in
1305 1484 1461 1532 veste
1488 1479 1748 1548 recincta,

349 1566 605 1622 Testatur
629 1569 903 1622 moritura
925 1565 1059 1620 deos
1083 1573 1140 1620 et
1163 1567 1381 1621 conscia
1405 1565 1503 1620 fati

349 1653 575 1723 Sidera3
617 1661 753 1723 tum,
781 1654 826 1708 si
852 1653 1000 1724 quod
1023 1669 1136 1708 non
1167 1671 1340 1723 aequo
1363 1653 1585 1709 foedere
1614 1653 1851 1708 amantis

351 1741 528 1796 Ourae
553 1758 760 1796 numen
785 1741 953 1796 habet
976 1742 1292 1810 iustumque
1319 1757 1655 1811 memorque,
1686 1745 1957 1809 precatur.

419 1827 548 1882 Nox
573 1835 710 1898 erat,
741 1832 798 1882 et
820 1827 1096 1896 placidum
1123 1828 1423 1896 carpebant
1448 1827 1588 1883 fessa
1611 1842 1866 1896 soporem

351 1913 600 1984 Corpora
623 1932 723 1985 per
745 1919 938 1981 terras,
965 1914 1243 1984 silvaeque
1267 1919 1326 1968 et
1349 1930 1511 1968 saeva
1536 1916 1789 1983 quierant

352 2001 628 2070 Aequora,
656 2017 780 2055 cum
803 2001 989 2056 medio
1011 2001 1310 2054 volvuntur
1335 2001 1515 2055 sidera
1539 2001 1711 2069 lapsu,

351 2085 490 2142 Oum
515 2093 664 2140 tacet
690 2088 868 2141 omnis
894 2103 1039 2155 ager,
1069 2087 1306 2154 pecudes
1332 2087 1619 2156 pictaeque
1645 2087 1907 2152 volucres,

351 2172 614 2242 Quaeque
639 2172 788 2228 lacus
811 2173 920 2227 late
945 2173 1198 2242 liquidos,
1232 2189 1479 2242 quaeque
1505 2189 1701 2242 aspera
1724 2173 1907 2228 dumis

350 2259 505 2314 Rura
526 2265 734 2327 tenent,
764 2275 957 2314 somno
981 2260 1198 2328 positae
1225 2259 1326 2313 sub
1351 2265 1517 2313 nocte
1544 2259 1728 2314 silenti

353 2345 650 2414 [Lenibant
675 2363 850 2414 curas,
877 2353 936 2400 et
958 2345 1128 2400 corda
1150 2345 1324 2400 oblita
1347 2346 1648 2416 laborum}

349 2437 432 2488 At
455 2451 568 2488 non
591 2434 783 2488 infelix
807 2433 975 2488 animi
998 2433 1314 2502 Phoenissa,
1347 2451 1449 2490 nec
1478 2450 1737 2504 umquam

351 2521 594 2576 Solvitur
618 2521 676 2575 in
700 2537 938 2590 somnos,
968 2521 1210 2576 oculisve
1237 2529 1334 2577 aut
1359 2528 1585 2591 pectore
1608 2526 1833 2576 noctem

351 2607 598 2676 Accipit:
627 2608 970 2676 ingeminant
991 2625 1174 2676 curae,
1208 2626 1504 2679 rursusque
1530 2624 1823 2677 resurgens

349 2693 537 2750 Saevit
560 2711 732 2762 amor,
759 2709 1066 2764 magnoque
1089 2695 1294 2750 irarum
1323 2695 1555 2750 fluctuat
1580 2701 1749 2750 aestu.

349 2780 440 2836 Sic
465 2779 604 2836 adeo
626 2780 846 2848 insistit,
875 2797 1168 2851 secumque
1191 2782 1272 2837 ita
1297 2781 1465 2836 corde
1490 2781 1734 2836 volutat:

353 2870 387 2896 “
405 2867 508 2935 En,
537 2866 667 2936 quid
693 2867 834 2936 ago?
874 2884 1134 2922 rursusne
1161 2883 1360 2937 procos
1384 2869 1555 2924 inrisa
1578 2870 1792 2938 priores

347 2953 632 3024 Experiar,
661 2953 1084 3023 Nomadumque
1110 2961 1298 3023 petam
1327 2956 1567 3010 conubia
1588 2954 1837 3024 supplex,

350 3041 504 3108 Quos
527 3057 628 3110 ego
651 3041 753 3096 sim
778 3041 986 3094 totiens
1009 3042 1118 3096 iam
1147 3041 1443 3111 dedignata
1467 3043 1733 3097 maritos?

350 3127 542 3182 Iliacas
565 3127 734 3196 igitur
759 3127 948 3180 classis
973 3137 1138 3196 atque
1165 3127 1362 3182 ultima
1386 3128 1661 3183 Teucrum

351 3215 506 3270 Iussa
527 3213 761 3284 sequar?
801 3213 1002 3282 quiane
1027 3214 1234 3268 auxilio
1257 3216 1414 3269 iuvat
1438 3221 1567 3270 ante
1592 3215 1820 3282 levatos,

350 3301 420 3354 Et
444 3302 584 3355 bene
608 3298 755 3369 apud
783 3315 1056 3354 memores
1081 3301 1284 3354 veteris
1309 3307 1423 3354 stat
1446 3301 1625 3369 gratia
1648 3301 1820 3356 facti?

351 3385 486 3454 Quis
507 3403 600 3442 me
623 3391 828 3453 autem,
855 3383 944 3440 fac
969 3385 1122 3448 velle,
1151 3387 1310 3454 sinet,
1341 3387 1623 3442 ratibusve
1646 3388 1897 3454 superbis

351 3471 588 3530 Invisam
615 3470 892 3542 accipiet?
931 3471 1110 3524 nescis
1133 3471 1258 3538 heu,
1287 3471 1519 3541 perdita,
1548 3469 1784 3526 necdum
1872 3527 1879 3532 ,

2287 350 2390 402 505

2286 783 2391 836 510

2284 1217 2388 1285 5315

2282 1653 2387 1706 620

2282 2089 2385 2140 526

2282 2523 2387 2575 530

2284 2955 2387 3008 585

2287 3387 2393 3438 540
