2725 3892
972 218 1246 269 VERGILI
1291 218 1665 272 GEORGIGON
1715 220 1779 272 11.

426 380 538 435 Sed
560 396 740 450 neque
764 378 1070 447 Medorum,
1099 380 1267 437 silvae
1285 380 1573 445 ditissima,
1604 390 1765 447 terra,

356 466 476 523 Neo
500 466 730 535 pulcher
756 466 976 535 Ganges
999 473 1164 536 atque
1189 484 1324 523 auro
1347 468 1607 522 turbidus
1632 468 1872 521 Hermus

355 552 634 609 Laudibus
658 552 852 609 Italiae
879 558 1110 617 certent,
1138 570 1252 607 non
1278 554 1500 623 Bactra,
1528 570 1709 623 neque
1735 554 1875 622 Indi,

354 640 600 709 Totaque
623 640 868 693 turiferis
891 638 1169 694 Panchaia
1191 640 1411 709 pinguis
1434 639 1675 695 harenis.

353 726 506 782 Haec
529 726 652 781 loca
675 742 788 780 non
813 726 960 779 tauri
986 726 1260 795 spirantes
1283 727 1514 781 naribus
1538 728 1721 796 ignem

353 812 638 867 Invertere
682 813 815 867 satis
839 812 1094 866 immanis
1119 812 1383 867 dentibus
1406 812 1589 881 hydri,

353 899 473 955 Nec
497 900 664 970 galeis
689 898 980 969 densisque
1007 899 1184 953 virum
1211 916 1371 969 seges
1396 899 1615 955 horruit
1638 900 1845 967 hastis,

353 987 460 1041 Sed
486 986 748 1056 gravidae
769 986 960 1055 fruges
983 991 1042 1041 et
1065 985 1274 1041 Bacchi
1300 985 1569 1041 Massicus
1596 1004 1759 1042 umor

353 1074 693 1143 Implever03
733 1078 928 1127 tenent
952 1072 1104 1127 oleae
1133 1078 1497 1143 armentaque
1518 1074 1682 1129 laeta.

354 1158 500 1215 Hinc
523 1159 759 1215 bellator
782 1175 955 1229 equus
979 1175 1176 1229 campo
1201 1176 1322 1215 sese
1353 1160 1557 1215 arduus
1582 1156 1785 1230 infert3

354 1246 499 1302 Hinc
523 1247 646 1313 albi,
677 1240 974 1316 Clitumne‚
1001 1262 1198 1315 greges
1219 1252 1278 1301 et
1300 1248 1543 1302 maxima
1565 1254 1757 1303 taurus

353 1335 615 1404 Victima,
637 1351 802 1405 saepe
825 1340 926 1388 tuo
950 1334 1162 1403 pertusi
1185 1333 1411 1389 flumine
1436 1352 1610 1402 sacro,

353 1422 632 1477 Romanos
657 1422 728 1477 ad
751 1420 960 1491 templa
983 1422 1146 1476 (lenm
1169 1421 1381 1477 duxere
1406 1423 1735 1493 triumphos.
1836 1456 1845 1463 ·

353 1510 458 1565 Hic
483 1524 580 1563 ver
603 1508 892 1563 adsiduum
919 1514 1084 1579 atque
1109 1509 1302 1564 alienis
1324 1509 1605 1563 mensibus
1628 1512 1839 1576 aestas3

353 1596 450 1651 Bis
471 1595 734 1665 gravidae
756 1595 1009 1664 pecudes,
1037 1596 1123 1650 bis
1147 1596 1327 1665 pomis
1351 1596 1503 1650 utilis
1526 1596 1704 1651 arbos.

351 1682 434 1737 At
457 1681 684 1737 rabidae
707 1681 877 1751 tigres
901 1683 1104 1737 absunt
1127 1688 1186 1737 et
1209 1699 1377 1738 saeva
1398 1682 1624 1738 leonum

351 1770 606 1837 Semina3
647 1784 752 1823 nec
781 1769 1009 1824 miseros
1033 1769 1234 1824 fallunt
1257 1771 1480 1825 aconita
1502 1769 1748 1840 legentis,

351 1854 472 1911 Nec
495 1856 642 1926 rapit
665 1857 962 1911 immensos
985 1856 1136 1911 orbis
1161 1872 1258 1926 per
1283 1856 1533 1925 humum,
1561 1872 1739 1926 neque
1762 1860 1923 1911 tanto

351 1942 656 2015 Squameus
679 1944 739 1997 in
763 1944 966 2013 spiram
993 1949 1174 1999 tractu
1201 1960 1260 1998 se
1285 1943 1499 2012 colligit
1524 1945 1737 2012 anguis.

353 2030 516 2086 Adde
537 2036 626 2085 tot
650 2032 896 2100 egregias
920 2033 1085 2086 urbes
1109 2048 1449 2101 operumque
1472 2020 1731 2099 laborem,

351 2116 458 2173 Tot
481 2125 746 2187 congesta
766 2134 934 2173 manu
961 2117 1274 2188 praeruptis
1299 2118 1504 2188 oppida
1520 2119 1682 2186 saxis,

351 2204 710 2277 Fluminaque
735 2207 990 2276 antiquos
1015 2205 1451 2261 subterlabentia
1474 2222 1675 2259 muros.

350 2292 444 2345 An
473 2308 640 2361 mare,
669 2294 814 2363 quod
845 2310 1027 2362 supra,
1055 2308 1375 2361 memorem,
1404 2293 1661 2362 quodque
1686 2291 1860 2346 adluit
1891 2291 2071 2345 infra?

349 2379 514 2434 Anne
538 2380 688 2435 lacus
711 2380 935 2445 tantos?
977 2384 1048 2445 te,
1075 2378 1202 2433 Lari
1228 2380 1486 2447 maxime,
1516 2386 1695 2447 teque,

349 2466 637 2521 Fluctibus
659 2476 717 2521 et
740 2467 964 2521 fremitu
989 2464 1289 2533 adsurgens
1313 2464 1531 2519 Benace
1556 2464 1809 2519 marino?

349 2552 442 2607 An
469 2570 768 2609 memorem
791 2557 986 2623 portus
1009 2551 1359 2622 Lucrinoque
1385 2550 1575 2605 addita
1598 2549 1835 2604 claustra

349 2642 538 2712 Atque
561 2641 907 2711 indignatum
933 2639 1146 2709 magnis
1171 2639 1502 2695 stridoribus
1525 2654 1746 2707 aequor,

349 2728 491 2784 Iulia
514 2746 622 2799 qua
645 2734 818 2799 ponto
842 2728 1006 2797 longe
1030 2731 1192 2783 sonat
1217 2729 1368 2782 unda
1390 2728 1577 2782 refuso

348 2814 774 2885 Tyrrhenusque
797 2814 960 2869 fretis
983 2815 1308 2869 immittitur
1331 2820 1517 2869 aestus
1540 2812 1819 2869 Avernisi

349 2901 502 2957 Haec
526 2902 718 2957 eadem
745 2902 959 2971 argenti
982 2902 1134 2956 rivos
1157 2902 1409 2971 aerisque
1432 2900 1659 2956 metalla

350 2988 607 3043 Ostendit
630 2990 802 3057 venis,
831 2994 996 3058 atque
1022 3004 1158 3043 auro
1183 2987 1423 3057 plurima
1446 2988 1624 3043 fluxit.

352 3076 502 3131 Haeo
525 3092 698 3145 genus
723 3092 846 3131 aere
871 3075 1069 3143 virum,
1097 3074 1326 3142 Marsos,
1355 3076 1668 3145 pubemque
1692 3072 1981 3142 Sabellam,

351 3163 766 3232 Adsuetamque
791 3162 937 3217 malo
961 3160 1235 3232 Ligurem,
1265 3161 1611 3231 Volscosque
1637 3167 1863 3217 verutos

349 3248 578 3317 Extulit,
605 3248 743 3304 haec
767 3248 983 3318 Decios,
1012 3248 1232 3317 Marios,
1257 3265 1596 3318 magnosque
1622 3247 1897 3317 Camillos,

349 3335 634 3405 Scipiadas
657 3336 826 3391 duros
851 3336 1014 3405 bello,
1043 3342 1100 3391 et
1123 3342 1198 3405 te,
1225 3337 1467 3391 maxime
1493 3336 1709 3404 Caesar,

351 3424 461 3488 Qui
485 3440 634 3477 nunc
659 3424 923 3479 extremis
949 3424 1114 3478 Asiae
1143 3424 1252 3478 iam
1277 3422 1543 3477 victorin
1568 3423 1681 3477 oris

351 3508 635 3563 Imbellem
661 3510 868 3564 avertis
890 3509 1160 3565 Romanis
1183 3510 1402 3571 arcibus
1426 3508 1641 3565 Indum.

2288 731 2389 782 140

2288 1164 2387 1216 145

2288 1598 2387 1649 150

2284 2034 2383 2085 155

2284 2466 2385 2517 160

2281 2902 2383 2955 165

2279 3332 2387 3393 1ῖο
