2725 3892
948 190 1225 240 VERGILI
1271 190 1600 243 mames
1643 194 1730 243 tx.

319 350 589 406 Demens!
632 350 725 420 qui
748 350 1057 405 Rutulum*
1042 368 1101 405 ιιι
1124 351 1311 407 medio
1337 368 1452 407 non
1477 354 1697 421 agmine
1723 370 1908 424 regem

320 436 543 491 Viderit
568 437 991 506 inrumpentem,
1020 438 1278 507 ultroque
1303 438 1594 493 incluserit
1619 440 1784 523 urbi,

318 522 623 578 Immanem
650 524 821 578 veluti
846 540 1049 593 pecora
1072 526 1219 578 inter
1242 524 1446 580 inertia
1471 526 1676 595 tigrim.

319 610 599 666 Continuo
622 628 769 666 nova
790 611 887 665 lux
913 612 1085 666 oculis
1108 606 1334 680 effulsit,
1365 620 1423 668 et
1449 630 1604 668 arma

318 697 675 752 Horrendum
700 714 965 766 sonuere;
1004 704 1253 753 tremunt
1276 700 1333 753 in
1360 701 1570 754 vertice
1595 700 1792 755 cristae

316 784 679 854 Sanguineae,
712 785 1004 854 clipeoque
1026 786 1289 839 micantia
1311 785 1550 840 fulmina
1574 788 1766 842 mittit.

318 872 643 941 Agnoscunt
668 872 905 927 faciem
890 872 1124 926 invisam
1152 877 1317 941 atque
1344 872 1606 927 immania
1629 875 1880 929 membra

316 956 547 1011 Turbati
570 957 753 1011 subito
778 956 1091 1011 Aeneadae.
1166 956 1306 1009 'lum
1332 955 1661 1013 Pandarus*
1645 975 1840 1028 ingens

315 1044 547 1114 Emicat,
575 1049 633 1098 et
657 1042 853 1098 mortis
874 1042 1153 1098 fraternae
1179 1043 1427 1099 fervidus
1450 1014 1546 1099 ira¹

314 1130 563 1188 Effatur:
607 1130 791 1185 “Non
814 1131 953 1185 haee
977 1126 1175 1185 dotalis
1202 1132 1355 1203 regia
1381 1132 1647 1200 Amata03

314 1216 437 1273 Nec
458 1218 632 1271 muris
656 1217 881 1272 cohibet
902 1217 1101 1286 patriis
1124 1216 1309 1272 media
1332 1217 1524 1275 Ardea
1548 1218 1814 1274 Turnum.

316 1304 550 1359 Castra
536 1304 761 1359 mimica
784 1288 987 1371 vides,
996 1302 1163 1365 oulla
1187 1305 1320 1358 hinc
1345 1306 1498 1359 exire
1521 1306 1822 1375 potestas.’‘

316 1390 427 1446 Olli
455 1389 747 1447 subridens
772 1390 965 1447 sedato
988 1396 1217 1460 pectore
1242 1378 1490 1447 Turnus:

319 1480 353 1509 “
370 1478 573 1547 Incipe,
602 1480 647 1532 si
675 1494 785 1547 qua
808 1478 995 1533 animo
1020 1478 1211 1547 virtus,
1240 1484 1299 1532 et
1322 1496 1550 1533 consere
1575 1479 1860 1535 dextram:

314 1563 423 1619 Hic
448 1564 615 1619 etiam
640 1564 929 1618 inventum
952 1563 1175 1619 Priamo
1200 1565 1450 1619 narrabis
1474 1565 1786 1619 Achillen.”

314 1650 565 1705 Dixerat.
638 1650 739 1704 Ille
762 1650 957 1705 rudem
980 1652 1143 1706 nodis
1166 1656 1225 1707 et
1248 1652 1456 1706 cortice
1477 1652 1650 1707 crudo

315 1739 609 1830 Interquet
633 1756 695 1793 su
756 1740 862 1795 mis
888 1738 1122 1795 adnixus
1143 1738 1356 1793 viribus
1376 1738 1631 1793 hastam.

277 1838 289 1847 ·
314 1814 597 1904 Excepere
622 1756 1059 1967 aufdeg‘volnus
1082 1814 1345 1892 Saturnia
1366 1826 1510 1881 Iuno

313 1912 562 1969 Deto'rsit
586 1930 695 1968 ven
716 1930 829 1981 ens,
858 1909 1162 1982 portaeque
1184 1912 1434 1981 infigitur
1455 1912 1630 1967 hasta.

318 2001 451 2055 “At
474 2017 588 2057 non
614 2000 724 2055 hoc
746 2000 936 2068 telum,
962 2014 1089 2053 mea
1112 1998 1261 2068 quod
1284 1999 1343 2053 vi
1365 1997 1598 2053 dextera
1619 2004 1822 2063 versat,

312 2087 589 2158 Effugies;
627 2103 809 2157 neque
832 2087 979 2141 enim
1004 2086 1053 2141 is
1076 2086 1171 2141 teli
1194 2100 1299 2141 nec
1322 2084 1568 2139 volneris
1593 2086 1842 2141 auctor.’'

314 2174 405 2229 Sic
428 2175 522 2244 ait,
552 2179 610 2229 et
634 2175 908 2229 sublatum
938 2173 1048 2229 alte
1074 2172 1361 2242 consurgit
1384 2173 1445 2226 in
1469 2188 1674 2236 ensem,

312 2260 387 2315 Et
410 2260 647 2315 mediam
672 2262 822 2316 ferro
848 2260 1071 2330 gemina
1092 2260 1241 2314 inter
1264 2268 1522 2327 tempora
1547 2256 1787 2313 frontem

312 2346 527 2420 Dividit
548 2348 896 2425 impubisque
920 2348 1149 2401 immani
1172 2346 1401 2401 volnere
1425 2345 1613 2401 malas.

313 2432 405 2487 Fit
428 2448 625 2503 sonim
664 2433 877 2503 ingenti
900 2449 1167 2489 concussa
1188 2439 1276 2489 est
1298 2432 1546 2503 pondere
1569 2431 1766 2500 tellus;

314 2518 619 2589 Oonlapsos
642 2524 795 2573 artus
819 2525 983 2589 atque
1006 2536 1163 2575 arma
1184 2524 1418 2575 eruenta
1441 2520 1670 2573 cerebro

314 2606 526 2662 Sternit
546 2604 703 2661 humi
726 2608 984 2673 moriens,
1014 2614 1180 2677 atque
1205 2608 1289 2661 illi
1308 2606 1562 2676 partibus
1585 2594 1838 2675 aequis&

314 2692 439 2748 Huc
462 2688 631 2763 caput
653 2698 819 2763 atque
840 2693 971 2750 illue
994 2710 1187 2766 umero
1212 2710 1283 2749 ex
1304 2700 1542 2763 utroque
1567 2693 1844 2763 pependit.

312 2780 629 2851 Diffugiunt
656 2782 799 2835 versi
823 2780 1041 2851 trepida
1062 2780 1368 2837 formidine
1391 2780 1574 2835 Troes.

312 2866 401 2937 Et,
430 2868 477 2921 si
504 2868 769 2923 continuo
790 2867 1063 2925 victorem
1089 2884 1153 2923 ea
1178 2882 1311 2923 cura
1334 2868 1589 2936 subisset,

312 2953 594 3023 Rumpere
618 2954 855 3009 claustra
880 2970 1047 3011 manu
1072 2954 1361 3023 sociosque
1385 2954 1686 3008 immittere
1711 2953 1899 3023 portia,

314 3039 556 3096 Ultimus
578 3040 673 3097 ille
695 3040 813 3095 dies
836 3040 983 3096 bello
1007 3040 1268 3110 gentique
1291 3040 1501 3095 fuisset.

312 3126 421 3182 Sed
445 3128 601 3182 furor
626 3126 913 3183 ardentem
938 3126 1230 3197 caedisque
1254 3128 1450 3183 insana
1471 3126 1674 3196 cupido

313 3213 443 3283 Egit
466 3212 524 3268 in
550 3214 831 3269 adversos.

312 3300 595 3369 Principio
618 3298 897 3355 Phalerim
924 3304 981 3354 et
1006 3300 1217 3357 succiso
1243 3299 1456 3371 poplite
1481 3298 1682 3370 Gygen

313 3384 559 3456 Excipit3
598 3384 728 3441 binc
750 3391 941 3457 raptas
963 3384 1305 3456 fugientibus
1326 3386 1536 3455 ingerit
1557 3385 1748 3443 hastas

316 3470 380 3525 In
404 3480 651 3540 tergum:
692 3470 835 3528 Iuno
860 3472 993 3527 viris
1016 3472 1372 3541 animumque
1395 3472 1689 3534 ministrat.

2245 532 2351 587 780

2247 962 2280 1017 7
2283 964 2350 1015 35

2247 1394 2352 1452 740

2247 1829 2352 1884 745

2246 2262 2350 2317 750

2245 2696 2280 2753 7
2280 2696 2350 2749 65

2241 3128 2346 3185 760
