2725 3892
967 207 1244 262 VERGILI
1289 209 1619 261 AENEIDOS
1662 211 1753 264 111.

337 375 554 432 Troiam
580 373 820 430 animis:
858 378 1080 428 maneat
1105 377 1327 427 nostros
1351 390 1418 428 ea
1442 279 1882 444 ffist'
2272 376 2377 428 505

249 459 371 505 ’ΛΜ
405 461 782 517 Provehimur
805 459 1002 529 pelago
1027 459 1209 513 vicina
1235 460 1510 514 Ceraunia
1531 461 1703 529 iuxta,

339 547 502 602 Unde
523 549 634 602 iter
659 545 880 601 Italiam
905 561 1202 616 cursusque
1229 547 1585 601 brevissimus
1610 547 1787 602 undis.

341 632 434 688 Sol
459 635 574 688 ruit
597 634 816 687 interea
839 637 896 686 et
921 637 1137 686 montes
1163 633 1493 687 umbrantur
1520 635 1693 703 opaci.

343 718 654 773 sternimur
679 723 906 789 optatae
930 719 1142 787 gremio
1168 718 1383 773 telluris
1408 720 1479 773 ad
1505 720 1723 789 undam,

344 805 542 860 sortiti
566 820 766 872 remos,
792 804 1106 874 passimque
1129 805 1188 858 in
1215 805 1379 859 litore
1404 806 1552 860 sicco
2274 811 2379 863 510

345 891 594 960 Corpora
616 907 872 946 curamus
891 909 904 959 ς
945 892 1120 945 fessos
1145 907 1310 960 sopor
1334 892 1539 961 inrigat
1562 899 1729 950 artus.

345 975 596 1032 Necdum
623 977 816 1032 orbem
842 977 1084 1032 medium
1110 975 1237 1031 Nox
1265 977 1433 1032 Horis
1457 984 1579 1034 acta
1604 981 1853 1054 subibqt:

345 1061 510 1116 Haud
535 1062 718 1131 segnis
741 1066 920 1116 struto
942 1062 1118 1132 surgit
1143 1060 1437 1117 Palinurus
1461 1071 1519 1118 et
1542 1065 1723 1118 omnis

341 1149 613 1218 Explornt
640 1153 850 1218 ventos,
880 1154 1044 1218 atque
1069 1148 1296 1204 auribus
1321 1155 1451 1204 aera
1473 1156 1689 1220 captat3

344 1235 540 1290 Sidera
561 1241 763 1290 cuncta
784 1239 942 1290 notat
967 1236 1138 1290 tacito
1163 1235 1408 1291 labentia
1432 1236 1599 1306 caelo,
2273 1243 2377 1295 515

343 1323 649 1377 Arcturum
675 1321 996 1392 pluviasque
1021 1323 1246 1390 Hyadas
1269 1325 1624 1393 geminosque
1649 1324 1892 1396 Triones,
2349 1335 2357 1344 ’

344 1410 748 1478 Armatumque
771 1425 908 1463 auro
933 1409 1301 1479 circumspicit
1328 1409 1553 1464 Oriona.

342 1494 646 1565 Postquam
673 1501 874 1550 cuncta
898 1495 1048 1550 videt
1073 1496 1225 1550 caelo
1250 1503 1503 1551 constare
1526 1515 1739 1566 seren0,

343 1583 458 1638 Dat
481 1584 688 1640 clarum
717 1601 748 1639 e
772 1585 945 1655 puppi
968 1587 1215 1654 signum3
1258 1602 1360 1640 nos
1384 1591 1565 1641 castra
1588 1603 1889 1656 movemus,

343 1671 804 1742 Temptamusque
829 1673 976 1726 viam
1001 1677 1060 1726 et
1083 1672 1332 1725 velorum
1357 1673 1649 1741 pandimus
1674 1672 1803 1728 alas·
2269 1675 2376 1728 520

343 1757 570 1828 Iamque
595 1757 921 1812 rubescebat
945 1757 1118 1812 stellis
1141 1759 1364 1812 Aurora
1388 1758 1607 1828 fugatiS,

344 1847 488 1902 Cum
510 1849 700 1918 procul
727 1849 989 1902 obscuros
1011 1847 1166 1902 collis
1190 1847 1565 1917 humilemque
1588 1848 1839 1904 videmus

343 1933 579 1990 Ita-liam.
653 1934 872 1990 Italiam
898 1936 1110 2004 primus
1133 1934 1441 1988 conclamat
1466 1934 1726 2004 Achates,

343 2021 560 2078 Italiam
583 2023 732 2078 laeto
756 2023 890 2077 socii
914 2023 1156 2078 clamore
1181 2023 1437 2076 salutant.

341 2106 482 2164 Tum
507 2116 664 2179 pater
688 2110 960 2164 Anchises
984 2125 1242 2178 magnum
1269 2115 1485 2163 cratera
1506 2124 1712 2163 corona
2274 2113 2375 2166 525

343 2195 537 2250 Induit
561 2196 913 2266 implevitque
939 2213 1108 2265 mero,
1138 2197 1403 2266 divosque
1431 2197 1651 2250 vocavit

343 2283 510 2338 Stans
534 2283 678 2338 celsa
699 2283 758 2336 in
783 2284 983 2354 puppi:

346 2373 381 2400 “
399 2369 473 2426 Di
499 2373 666 2427 maris
691 2377 747 2426 et
771 2379 951 2428 terrae
975 2375 1478 2442 tempestatumque
1500 2377 1773 2441 potentes,

341 2457 507 2512 Ferte
531 2459 679 2514 viam
706 2465 876 2514 vento
899 2459 1122 2514 facilem
1147 2463 1204 2513 et
1229 2459 1433 2528 spirate
1458 2458 1737 2513 secundi.”

343 2543 714 2600 Crebrescunt
738 2552 960 2617 optatae
984 2563 1165 2615 aurae,
1192 2551 1495 2617 portusque
1518 2548 1753 2616 patescit
1848 2551 1857 2560 ⁷
2269 2551 2375 2604 530

341 2629 461 2686 Iam
483 2632 726 2703 propior,
755 2633 1131 2703 templumque
1167 2639 1398 2703 apparet
1419 2635 1481 2688 in
1504 2651 1629 2689 arce
1653 2633 1951 2690 Minervae.

343 2715 488 2774 Vela
508 2718 703 2790 legunt
727 2720 880 2788 socii,
909 2725 970 2774 et
991 2736 1184 2789 proras
1210 2720 1278 2774 ad
1303 2720 1471 2776 litore
1493 2724 1771 2789 torquent.

343 2803 545 2861 Portus
569 2806 640 2862 ab
665 2805 854 2861 Euroo
875 2804 1047 2861 fluct-u
1073 2811 1334 2861 curvatus
1355 2807 1416 2860 in
1441 2823 1662 2874 arcum;

343 2891 606 2948 Obiectae
629 2892 774 2948 salsa
797 2899 1060 2962 spumant
1083 2894 1375 2962 aspargine
1398 2898 1617 2960 cautes3

341 2977 466 3050 Ipse
487 2981 658 3047 latet3
697 2979 920 3049 gemino
945 2978 1246 3034 demittunt
1269 2980 1529 3035 bracchia
1550 2997 1711 3035 muro
2272 2983 2377 3036 535

342 3066 546 3122 Turi-iti
571 3067 801 3137 scopuli,
829 3067 1142 3137 refugitque
1167 3067 1236 3121 ab
1259 3066 1425 3122 litore
1452 3067 1738 3137 templum.

341 3153 618 3220 Quattuor
641 3154 750 3223 hic,
777 3155 1015 3224 primum
1043 3169 1222 3218 omen,
1253 3170 1423 3222 equos
1443 3154 1503 3208 in
1529 3155 1781 3223 gramine
1808 3155 1919 3208 vidi

341 3239 642 3296 Tondentis
668 3257 922 3310 campum
945 3239 1073 3306 late,
1105 3239 1342 3294 candore
1365 3240 1553 3295 nivali.

338 3327 412 3382 Et
434 3333 596 3398 pater
619 3327 922 3382 Anchises:
967 3328 1003 3356 “
1019 3325 1252 3394 Bellum,
1283 3343 1316 3379 o
1341 3331 1495 3382 terra
1517 3326 1753 3396 hospita,
1780 3333 2003 3396 portas3

341 3413 498 3470 Bello
523 3419 810 3470 armantur
834 3413 977 3483 equi,
1005 3411 1210 3467 bellum
1235 3411 1377 3468 haec
1401 3418 1653 3467 armenta
1675 3413 1973 3468 minantur.
2274 3411 2381 3463 540

338 3501 447 3558 sod
474 3509 664 3557 tamen
689 3498 834 3554 idem
861 3499 992 3554 olim
1009 3513 1186 3553 curru
1215 3497 1507 3552 succedere
1532 3499 1673 3552 sueti
