2725 3892
953 874 1012 942 Ρ.
1061 873 1338 942 VERGILI
1389 872 1693 942 MARONIS

797 1057 892 1134 A
953 1058 1027 1132 E
1089 1057 1181 1133 N
1242 1057 1316 1131 E
1383 1057 1427 1131 Ι
1490 1057 1575 1131 D
1642 1056 1717 1134 O
1786 1056 1843 1134 S

944 1249 1213 1312 LIBER
1271 1249 1692 1325 QUINTUS.

311 1578 534 1636 interea
555 1577 798 1632 medium
827 1577 1046 1632 Aeneas
1070 1577 1182 1632 iam
1205 1578 1379 1633 classe
1405 1577 1631 1633 tenebat

311 1667 510 1724 Certus
533 1666 656 1734 iter,
683 1665 991 1734 fluctusque
1015 1671 1168 1720 atros
1191 1665 1448 1735 aquilone
1472 1666 1707 1731 secabat,

311 1753 531 1808 Moenia
555 1752 868 1821 respiciens,
898 1768 1038 1821 quae
1062 1752 1172 1806 ism
1199 1752 1433 1806 infelicis
1456 1751 1667 1806 Elissae

314 1840 624 1894 Conlucent
645 1837 896 1892 flammis.
972 1838 1126 1903 Quae
1151 1843 1369 1892 tantum
1400 1836 1711 1892 accenderit
1738 1837 1919 1904 ignem

314 1923 508 1994 Causa,
528 1923 697 1993 latet3
725 1923 850 1979 ‹luri
872 1941 1074 1994 magno
1099 1925 1195 1980 sed
1219 1941 1407 1980 amore
1430 1924 1653 1978 dolores
1774 1927 1781 1932 '

311 2015 552 2084 Polluto,
583 2019 898 2082 notumque,
926 2013 1118 2067 furens
1142 2013 1272 2081 quid
1299 2013 1505 2068 semina
1528 2016 1719 2084 possit,

311 2103 492 2157 Triste
513 2119 615 2170 per
641 2101 926 2170 augurium
951 2100 1290 2154 Teucrorum
1316 2105 1543 2168 pectora
1565 2101 1790 2156 ducunt.

385 2188 464 2242 Ut.
487 2189 714 2257 pelagus
737 2194 965 2242 tenuere
991 2193 1156 2254 reteri,
1185 2202 1290 2241 nec
1312 2186 1423 2241 iam
1450 2187 1685 2257 amplius
1706 2187 1822 2243 ulla

314 2275 574 2330 Occurrit
595 2274 774 2344 tellus,
803 2275 978 2328 meris
1005 2272 1244 2343 undique
1271 2280 1328 2329 et
1351 2274 1594 2344 undique
1622 2274 1853 2342 caelum,

315 2361 424 2416 Olli
451 2361 732 2417 caeruleus
755 2377 923 2430 supra
945 2367 1116 2430 caput
1143 2361 1322 2416 astitit
1349 2361 1544 2430 imber,

314 2447 552 2503 Noctem
576 2447 922 2516 hiememque
947 2448 1145 2516 ferens,
1174 2453 1234 2502 et
1257 2447 1541 2503 inhorruit
1564 2448 1712 2503 unda
1736 2447 1995 2502 tenebris,

317 2535 442 2604 lpse
467 2536 802 2604 gubernator
826 2535 996 2604 puppi
1021 2535 1317 2592 Palinurus
1342 2536 1413 2591 ab
1442 2537 1583 2592 alts:

319 2622 523 2677 “Heni
553 2622 806 2692 quianam
833 2623 977 2675 tanti
1005 2623 1298 2677 cinxerunt
1327 2624 1555 2680 aethera
1580 2622 1787 2676 nimbi?

317 2706 548 2774 Quidve,
576 2709 736 2774 peter
759 2704 1038 2774 Neptune,
1069 2723 1232 2775 pares
1253 2707 1326 2762 2²·
1400 2707 1491 2762 Sic
1517 2707 1719 2762 deinde
1740 2707 1959 2763 locutus

317 2790 592 2859 Colligere
613 2807 770 2844 arma
791 2790 946 2844 iubet
971 2785 1280 2861 validisque
1307 2793 1627 2846 incumbere
1650 2792 1833 2862 remis,

317 2877 689 2946 obliquatque
713 2877 863 2930 sinus
887 2879 946 2931 in
973 2883 1215 2945 ventum,
1247 2895 1314 2933 ac
1337 2879 1473 2934 telis
1495 2879 1671 2933 fatur:

319 2963 720 3034 “Magnanimo
745 2965 950 3032 Aenea,
981 2980 1110 3031 non,
1142 2965 1186 3019 si
1211 2965 1348 3018 mihi
1373 2964 1625 3034 Iuppiter
1650 2971 1845 3020 auctor

316 3051 614 3120 spondeat,
640 3050 748 3104 hoc
771 3065 986 3119 sperem
1017 3049 1230 3106 Italiam
1259 3053 1581 3120 contingere
1604 3051 1774 3106 caelo.

319 3137 518 3192 Mutati
543 3143 860 3192 transversa
881 3138 1133 3192 fremunt
1156 3143 1214 3191 et
1237 3154 1467 3207 vespere
1492 3139 1561 3192 ab
1585 3142 1709 3192 stro

319 3223 676 3292 Consurgunt
700 3223 868 3290 venti,
899 3227 1064 3291 atque
1087 3223 1145 3276 in
1171 3224 1376 3278 nubem
1402 3224 1617 3294 cogitur
1644 3239 1755 3278 aer.

319 3309 440 3364 Nec
464 3327 568 3365 nos
592 3310 768 3365 obniti
795 3315 1007 3376 contra,
1035 3325 1138 3363 nec
1161 3311 1393 3365 tendere
1418 3315 1637 3364 tantum

319 3395 646 3452 sufficimus.
721 3395 962 3464 Superat
986 3395 1242 3463 quonium
1269 3397 1533 3462 Fortuna,
1564 3411 1877 3466 sequamur,

319 3483 552 3554 Quoque
576 3487 753 3550 voest,
785 3480 1210 3542 vertamusiter.
1286 3481 1407 3537 Nec
1436 3481 1605 3536 litora
1627 3482 1795 3551 longe

2282 2359 2351 2413 10

2284 2791 2353 2846 15

2286 3224 2359 3276 80
