2725 3892
925 153 1199 205 melu
1244 152 1573 205 AENEIDOS
1618 152 1705 203 lx.

302 314 612 372 Transabiit
637 319 818 371 costas
843 318 900 369 et
925 313 1160 369 candida
1183 318 1413 382 pectora
1436 314 1662 383 rumpit.

299 402 562 457 Volvitur
587 400 858 468 Euryalus
881 398 1010 468 leto,
1039 399 1407 468 pulchrosque
1432 416 1531 469 per
1556 404 1712 453 artus

298 488 352 542 It
375 505 554 557 cruor,
579 488 747 556 inque
771 502 995 541 umeros
1019 487 1206 539 cervix
1233 486 1498 556 conlapsa
1515 486 1817 541 recumbit:

296 574 614 643 Purpureus
641 570 811 627 veluti
839 588 964 626 cum
990 571 1092 629 flos
1115 572 1358 627 succisus
1382 577 1569 627 aratro
2226 576 2331 629 485

295 660 622 729 Languescit
647 660 902 727 moriens,
931 658 1146 713 lassove
1169 675 1449 727 papavera
1470 658 1613 713 collo
2384 660 2392 669 '

295 746 580 801 Demisere
603 750 785 815 caput,
811 722 1004 814 pluvit}
1029 728 1158 799 curn
1177 739 1330 799 forte
1351 750 1671 813 gravantur.

294 833 376 887 At
401 832 568 886 Nisus
592 833 705 886 ruit
728 831 790 887 in
814 830 1044 901 medios,
1073 830 1359 901 solumque
1378 846 1479 901 per
1503 832 1683 886 omnis

295 918 654 973 Volscentem
677 919 834 989 petit,
863 918 923 973 in
946 918 1064 972 solo
1096 916 1401 973 Volscente
1426 927 1692 973 moratur.

295 1005 470 1072 Quem
497 1006 704 1061 circum
727 1006 1018 1076 glomerati
1045 1006 1236 1061 hostes
1263 1004 1396 1060 hinc
1420 1005 1727 1061 comminus
1752 1011 1917 1077 atque
1940 1006 2073 1063 hinc
2225 1010 2331 1063 440

293 1091 651 1148 Proturbant.
723 1092 904 1149 Instat
927 1110 1042 1147 non
1067 1092 1253 1159 setius,
1291 1109 1356 1147 ac
1380 1097 1533 1147 rotat
1556 1108 1743 1147 ensem

293 1178 657 1249 Fulmineum,
687 1181 864 1235 donec
887 1180 1078 1234 Rutuli
1105 1179 1398 1235 clamantis
1426 1179 1485 1233 in
1512 1195 1609 1233 ore

295 1266 558 1321 Condidit
581 1267 828 1333 adverso,
857 1272 916 1323 et
940 1268 1182 1323 moriens
1209 1268 1445 1322 animam
1476 1266 1704 1322 abstulit
1725 1266 1891 1323 hosti.

292 1352 429 1407 Tum
455 1370 620 1423 super
642 1354 958 1409 exanimum
985 1372 1101 1409 sese
1126 1354 1360 1423 proiecit
1390 1354 1627 1409 amicum

293 1440 610 1525 §onfossuffi
635 1432 962 1511 plaoidffque
987 1442 1063 1495 ibi
1086 1441 1312 1495 demum
1336 1445 1517 1495 morte
1551 1440 1773 1509 quievit.
2224 1442 2329 1495 445

187 1576 194 1583 .
294 1556 305 1565 ·
332 1527 652 1581 ‘Fortunati
677 1528 869 1583 ambo!
911 1528 959 1582 si
983 1528 1114 1598 quid
1142 1545 1264 1583 mea
1285 1526 1533 1583 carmina
1562 1533 1807 1595 possunt,

291 1594 460 1669 Nulla
483 1614 602 1669 dies
625 1630 887 1684 umquam
910 1617 1142 1670 memori
1172 1632 1272 1670 vos
1303 1616 1511 1669 eximet
1534 1630 1688 1682 aem,

291 1700 437 1755 Dum
464 1701 659 1755 domus
684 1702 908 1757 Aeneae
932 1702 1171 1773 Capitoli
1195 1702 1477 1757 immobile
1502 1716 1695 1754 saxum

289 1787 536 1855 Accolet,
565 1787 967 1857 imperiumque
991 1797 1148 1857 pater
1171 1788 1455 1844 Romanus
1478 1788 1719 1843 habebit.

360 1874 618 1929 Victores
643 1874 848 1943 praeda
871 1874 1064 1929 Rutuli
1089 1876 1387 1945 spoliisque
1412 1876 1594 1947 potiti,
2222 1876 2326 1927 450

289 1960 648 2015 Volscentem
675 1962 988 2015 exanimum
1013 1958 1208 2017 flentes
1231 1964 1290 2017 in
1316 1968 1497 2019 castra
1520 1964 1791 2019 ferebant.

289 2046 406 2101 Nec
434 2048 611 2102 minor
635 2048 692 2101 in
719 2048 913 2102 castris
934 2048 1118 2108 luctus
1141 2049 1453 2105 Rhamnete
1478 2059 1699 2121 reperto

287 2133 566 2204 Exsangui
593 2140 649 2191 et
673 2135 866 2204 primis
891 2153 1004 2191 una
1025 2108 1114 2191 τά
1137 2137 1303 2191 caede
1327 2139 1645 2209 peremptis,

263 2220 636 2292 &erranoque
660 2220 965 2292 Numaque.
1001 2262 1006 2270 .
1041 2221 1243 2292 Ingens
1267 2241 1563 2280 concursus
1594 2224 1666 2281 ad
1688 2226 1809 2294 ipsa

287 2306 538 2375 Corpora
560 2308 954 2378 seminecisque
979 2308 1130 2364 viros
1154 2310 1450 2382 tepidaque
1480 2316 1759 2365 recentem
2220 2313 2325 2365 455

287 2392 470 2447 Caede
493 2394 676 2449 locum
701 2404 759 2449 et
783 2395 976 2465 plenos
993 2398 1273 2463 spumanti
1305 2398 1571 2467 sanguine
1594 2397 1759 2451 rivos.

288 2480 615 2549 Agnoscunt
640 2482 819 2551 spolia
841 2482 984 2535 inter
1009 2498 1067 2535 se
1090 2482 1413 2553 galeamque
1438 2484 1707 2539 nitentem

283 2565 523 2637 Messapi
547 2572 604 2621 et
627 2565 804 2621 multo
827 2566 1079 2636 phaleras
1105 2568 1304 2625 sudore
1332 2575 1601 2640 receptas.

354 2652 430 2706 Et
453 2652 562 2707 iam
587 2654 766 2723 prima
787 2670 936 2709 novo
962 2656 1257 2733 spargebat
1281 2656 1494 2711 lumine
1514 2661 1693 2711 terras

285 2738 508 2793 Tithoni
533 2754 789 2795 croceum
811 2739 1066 2810 linquens
1091 2742 1316 2797 Aurora
1339 2742 1553 2798 cubile:
2218 2746 2323 2799 460

283 2825 400 2879 Iam
427 2825 540 2881 sole
563 2826 760 2894 infuse,
789 2828 898 2883 iam
923 2829 1088 2885 rebus
1112 2828 1236 2883 luce
1259 2831 1497 2899 retectis,
1590 2848 1910 2879 Q——m

283 2912 500 2967 Turnus
522 2914 582 2967 in
609 2928 763 2968 arma
787 2914 952 2985 viros,
985 2917 1154 2971 armis
1177 2916 1549 2972 circumdatus
1572 2918 1709 2988 ipse,

283 3000 536 3069 Suscitat‚
567 3007 886 3072 aeratasque
911 3003 1054 3059 ecies
1076 3004 1138 3059 iu
1163 3004 1375 3073 proelia
1398 3004 1546 3073 cogit

284 3085 528 3156 Quisque
553 3102 696 3157 suas,
724 3089 998 3159 variisque
1023 3096 1230 3145 acuunt
1255 3092 1571 3147 rumoribus
1594 3093 1719 3147 iras.

285 3173 433 3239 Quin
457 3174 578 3244 ipsa
601 3178 1022 3233 arrectis—visu
1045 3178 1489 3233 miserabile—in
1514 3179 1689 3235 hastis
2216 3181 2321 3234 465

283 3260 600 3329 Praefigunt
627 3264 810 3333 capita
833 3268 892 3319 et
913 3264 1091 3321 multo
1115 3264 1356 3321 clamore
1382 3272 1689 3337 sequuntur

283 3347 509 3417 Euryali
534 3354 592 3405 et
617 3348 755 3405 Nisi.

288 3436 576 3490 Aeneadae
600 3436 724 3491 duri
747 3454 1032 3493 murorum
1057 3439 1118 3509 in
1141 3446 1300 3509 parte
1325 3441 1548 3497 sinistra
