2725 3892
976 229 1251 280 VBRGILI
1299 229 1628 281 AENBIDOS
1673 229 1740 280 11.

345 393 485 448 Hinc
508 393 645 448 mihi
671 391 851 462 prima
874 390 1003 444 mali
1026 389 1195 457 labes,
1222 390 1353 444 hinc
1379 407 1491 446 sem
1499 407 1594 459 per
1619 390 1813 446 Ulixes

341 484 675 540 Criminibus
697 488 909 536 terrere
932 481 1105 548 novis,
1134 481 1265 535 hinc
1294 497 1552 550 spargere
1579 497 1744 536 voces

340 570 406 626 In
432 571 647 639 volgum
678 568 973 638 ambiguas,
1002 573 1059 621 et
1084 581 1346 636 quaerere
1375 569 1622 621 conscius
1648 583 1817 622 arma.

342 657 457 712 Nec
480 656 751 726 requievit
774 656 935 720 enim,
966 653 1143 708 donec
1170 653 1476 708 Calchante
1503 653 1826 708 ministro-
2272 657 2373 712 100

338 745 447 798 Sed
473 743 605 813 quid
628 758 733 812 ego
754 742 893 797 haee
920 747 1105 796 autem
1132 740 1461 809 nequiquam
1489 740 1704 807 ingrata
1727 740 1993 796 revolvo?

338 831 553 896 Quidve
578 845 779 898 moror,
808 829 855 883 si
880 828 1060 882 omnis
1086 842 1199 880 uno
1226 825 1420 880 ordine
1444 825 1658 880 habetis
1683 826 1948 895 Achivos,

340 917 515 986 quue
530 917 722 971 audire
745 921 831 970 sat
854 916 979 970 esti
1055 912 1382 967 Iamdudum
1411 913 1610 966 sumite
1631 929 1840 981 poenas
1861 935 1874 980 ς

338 1003 459 1057 Hoc
484 1003 708 1057 Ithacus
731 1002 881 1069 velit,
910 1007 967 1056 et
990 1014 1193 1068 magno
1216 1003 1534 1052 mercentur
1557 998 1842 1054 Atridae.'’

405 1089 546 1144 Tum
562 1105 697 1144 vero
720 1089 977 1144 ardemus
998 1086 1185 1142 scitari
1210 1089 1269 1140 et
1293 1101 1557 1156 quaerere
1581 1101 1786 1154 causas,
2271 1089 2370 1142 105

337 1175 521 1244 Ignari
545 1176 812 1231 scelerum
838 1181 1123 1231 tantorum
1154 1173 1398 1242 artisque
1424 1171 1701 1240 Pelasgae.

336 1261 693 1332 Prosequitur
715 1263 984 1332 pavitans,
1012 1268 1071 1316 et
1089 1261 1221 1316 ficto
1245 1265 1470 1330 pectore
1496 1259 1680 1314 fatur:

406 1351 443 1379 “
462 1349 637 1420 Saepe
659 1351 851 1418 fugam
876 1349 1057 1404 Danai
1081 1348 1247 1403 Troia
1270 1347 1492 1416 cupiere
1523 1344 1716 1402 relicta

336 1433 519 1490 Moliri
545 1441 603 1490 et
625 1436 795 1505 longo
816 1437 950 1490 sessi
974 1434 1251 1490 discedere
1278 1433 1448 1501 bello;

336 1521 721 1594 Fecissentque
743 1523 987 1578 utinam!
1028 1539 1191 1592 saepe
1212 1521 1337 1576 illos
1362 1535 1556 1590 aspera
1581 1520 1737 1589 ponti
2267 1523 2370 1576 110

336 1609 651 1665 Interclusit
674 1611 869 1678 hiems,
898 1615 957 1664 et
978 1611 1179 1664 terruit
1204 1610 1410 1664 Auster
1438 1607 1634 1662 euntis.

334 1693 651 1766 Praecipue,
680 1713 807 1752 cum
831 1699 940 1750 iam
964 1695 1058 1751 hic
1080 1695 1329 1750 trabibus
1352 1699 1651 1749 contextus
1674 1694 1890 1748 acernis

335 1781 519 1838 Staret
540 1800 728 1854 equus,
754 1787 878 1837 toto
902 1787 1207 1836 sonuerunt
1230 1783 1452 1837 aethere
1475 1780 1667 1836 nimbi.

334 1869 589 1939 Suspensi
615 1869 961 1938 Eurypylum
986 1870 1279 1924 scitantem
1309 1867 1532 1924 oracula
1561 1865 1772 1922 Phoebi

334 1954 619 2024 Mittimus,
645 1957 801 2026 isque
829 1955 1012 2025 adytis
1034 1955 1171 2012 haec
1196 1956 1376 2012 tristia
1398 1955 1548 2010 diota
1571 1957 1852 2024 reportat:
2265 1957 2368 2009 115
2397 1941 2408 1950 ’

338 2043 371 2071 “
385 2043 657 2112 Sanguine
681 2043 941 2112 placastis
966 2049 1163 2098 ventos
1186 2047 1245 2098 et
1269 2043 1480 2112 virgine
1503 2061 1675 2114 caesa,

333 2127 475 2182 Oum
498 2129 735 2198 primum
761 2129 969 2198 Iliacas,
999 2129 1191 2199 Danai,
1222 2131 1446 2184 venistis
1471 2131 1541 2185 ad
1565 2147 1722 2199 oras3
1831 2038 1933 2261 s

332 2215 609 2285 Sanguine
634 2215 927 2284 quaerendi
951 2216 1176 2284 reditus,
1206 2217 1496 2287 animaque
1525 2217 1798 2274 litandum

332 2302 648 2372 Argolica.’'
720 2301 891 2372 Volgi
918 2319 1057 2372 quae
1081 2317 1191 2357 vox
1218 2307 1281 2358 ut
1304 2305 1459 2358 venit
1485 2305 1554 2360 ad
1579 2306 1738 2375 auris,

333 2389 660 2458 Obstipuere
684 2389 867 2457 animi,
894 2388 1215 2459 gelidusque
1238 2405 1339 2460 per
1361 2391 1472 2445 ima
1495 2393 1738 2447 cucurrit
2258 2393 2362 2448 120

333 2475 471 2530 Ossa
491 2481 717 2545 tremor,
746 2477 833 2531 cui
857 2475 973 2530 fata
997 2481 1209 2546 parent,
1236 2493 1400 2548 quem
1422 2485 1614 2548 poscat
1638 2479 1886 2553 Apollo.-

330 2561 435 2618 Hic
457 2562 683 2618 Ithacus
704 2567 889 2618 vatem
908 2579 1111 2632 magno
1136 2563 1443 2620 Calchanta
1465 2567 1708 2620 tumultu

330 2649 615 2705 Protrahit
637 2649 697 2704 in
721 2649 963 2714 medios:
1006 2665 1145 2719 quae
1170 2650 1281 2705 sint
1306 2666 1374 2706 ea
1396 2653 1628 2706 numina
1649 2651 1854 2721 divom,

329 2735 583 2806 Flagitat.
654 2735 733 2790 Et
756 2735 892 2791 mihi
916 2736 1023 2792 iam
1052 2736 1211 2791 multi
1237 2737 1460 2793 crudele
1484 2739 1760 2794 canebant

330 2823 575 2878 Artificis
598 2822 787 2893 scelus,
816 2827 873 2878 et
895 2824 1049 2878 taciti
1074 2827 1311 2880 ventura
1334 2823 1613 2888 videbant.
2253 2827 2356 2879 125

329 2907 425 2964 Bis
447 2910 643 2980 quinos
665 2910 791 2965 silet
814 2909 907 2965 ille
930 2909 1061 2980 dies,
1092 2915 1381 2980 tectusque
1407 2917 1623 2967 recusat

328 2995 571 3051 Prodere
594 3013 731 3052 voce
754 3011 855 3051 sna
874 3012 1203 3067 quemquam
1232 3003 1328 3052 aut
1352 3013 1635 3067 opponere
1658 2997 1842 3055 morti.

1831 2270 2513 2313 Ἢ-

332 3081 443 3136 Vix
466 3083 705 3152 tandem,
734 3083 947 3152 maguis
972 3082 1151 3138 Ithaci
1178 3081 1508 3138 clamoribus
1532 3089 1700 3152 actus,

330 3167 645 3238 Composito
666 3159 877 3238 rumpit
895 3185 1103 3238 vocem,
1130 3173 1189 3223 et
1212 3185 1301 3223 me
1326 3169 1568 3226 destinat
1591 3187 1736 3226 arae.

328 3253 637 3310 Adsensere
660 3271 869 3323 omnes,
897 3259 968 3324 et,
996 3269 1137 3325 quae
1161 3255 1267 3309 sibi
1292 3256 1520 3326 quisque
1545 3256 1793 3326 timebat,
2259 3256 2364 3310 130

328 3339 501 3396 Unius
522 3343 579 3396 in
605 3341 793 3396 miseri
820 3341 1047 3396 exitium
1074 3357 1341 3397 conversa
1362 3343 1558 3398 tulere.

327 3425 551 3497 Iamque
572 3427 691 3483 dies
712 3427 945 3484 infanda
969 3427 1188 3483 aderat:
1226 3427 1362 3482 mihi
1389 3445 1544 3484 sacra
1567 3427 1764 3498 paral-h

326 3509 400 3567 Et
422 3514 595 3572 salsae
619 3515 819 3584 fruges,
849 3517 909 3568 et
932 3515 1137 3568 circum
1162 3518 1416 3583 tempora
1440 3515 1630 3570 vittae.
