2725 3892
993 218 1268 271 vanem
1313 216 1642 271 AENEIDOS
1688 218 1776 270 XI.

366 382 476 439 Per
501 382 667 439 silvas
690 382 886 437 Teucri
913 380 1180 450 mixtique
1205 382 1427 449 impune
1452 380 1631 435 Latini

365 470 636 527 Erravere
660 470 815 546 iugis.
889 470 1248 549 Fet-rosonat
1274 468 1388 521 icta
1410 468 1637 535 bipenni
2300 472 2401 523 185

367 556 666 635 Fraxinuaes5
708 560 968 631 evertunt
992 560 1142 631 actas
1159 544 1234 607 ‘ad
1259 554 1441 607 sidera
1463 554 1653 621 pinos;

367 643 717 698 Roboramec
741 642 927 697 cuneis
951 647 1009 696 et
1034 641 1274 695 olentem
1299 640 1819 711 scindere'cedrum,

367 730 489 785 Nec
513 730 772 799 plaustris
795 722 1012 783 cessant
1039 736 1258 782 vectare
1283 727 1629 795 gementibus
1652 744 1833 783 ornos.

438 817 512 871 Et
536 818 646 871 iam
671 816 844 871 Fama
869 816 1073 883 volana,
1103 815 1248 869 tanti
1271 815 1605 883 praenuntia
1626 814 1823 887 luctus,

367 904 688 959 Euandrum
714 902 1068 971 Euandrique
1091 901 1287 955 domos
1313 907 1369 955 et
1393 901 1613 955 moenia
1636 901 1827 971 replet,
2302 902 2407 955 140

370 991 524 1056 Quae
548 986 715 1044 modo
737 980 1190 1043 victoremLatio
1215 987 1469 1041 Pallanta
1491 987 1720 1041 ferebat.

367 1076 616 1133 Arcades
639 1076 710 1131 ad
732 1080 921 1146 portas
945 1090 1120 1143 ruere,
1149 1080 1206 1129 et
1229 1074 1298 1127 de
1323 1090 1479 1127 more
1504 1070 1723 1129 vetusto

367 1166 650 1220 Funereas
673 1180 906 1233 rapuere
929 1164 1111 1217 faces:
1151 1162 1300 1216 lucet
1325 1161 1417 1215 via
1440 1161 1608 1230 longo

371 1251 582 1305 Ordine
605 1250 966 1317 flammarum,
993 1255 1052 1303 et
1075 1248 1186 1303 late
1210 1248 1555 1303 discriminat
1580 1266 1758 1317 agree.

371 1338 584 1393 Contra
607 1338 771 1392 turba
793 1338 1077 1405 Phrygum
1103 1336 1332 1389 veniens
1354 1336 1675 1405 plangentia
1697 1336 1877 1405 iungit.
2302 1340 2407 1390 145

372 1428 629 1496 Agmina..
705 1426 860 1491 Quae
887 1430 1176 1493 postquam
1201 1430 1411 1477 matres
1434 1423 1729 1494 succedere
1752 1423 1916 1477 tectis

371 1514 667 1577 Viderunt,
691 1516 958 1565 maestam
985 1508 1288 1563 incendunt
1314 1504 1650 1563 clamoribus
1674 1510 1886 1565 urbem.

317 1660 328 1670 ,
371 1605 454 1659 At
478 1620 588 1658 non
614 1602 932 1656 Euandrum
959 1600 1102 1668 potis
1127 1604 1211 1653 est
1235 1599 1318 1651 vis
1340 1598 1455 1653 ulla
1479 1584 1699 1665 teum-03

372 1692 482 1747 Sed
508 1691 660 1745 venit
681 1689 740 1743 in
764 1687 991 1741 medios.
1063 1686 1294 1739 Feretro
1318 1684 1573 1739 Pallanta
1596 1690 1819 1755 reposto

325 1838 351 1857 x
371 1778 672 1834 Procubuit
698 1792 878 1845 super,
909 1780 1074 1845 atque
1099 1774 1294 1828 haeret
1317 1772 1719 1843 lacrimansque
1741 1788 2087 1843 gemensque,
2304 1776 2409 1827 150

356 1861 446 1919 'Et
473 1864 560 1919 via
583 1863 677 1916 vix
703 1863 926 1917 tandem
955 1861 1079 1916 voci
1103 1861 1288 1921 laxata
1311 1860 1503 1917 dolore
1528 1866 1641 1915 est:

377 1957 412 1984 “
429 1954 482 2009 N
486 1972 558 2010 on
583 1956 734 2025 haec,
765 1974 799 2009 o
823 1952 992 2022 Palla,
1021 1952 1254 2009 dederas
1276 1954 1549 2023 promissa
1572 1952 1804 2021 parenti,

375 2042 602 2098 Cautius
628 2053 691 2098 ut
713 2060 878 2098 saevo
906 2042 1078 2097 velles
1103 2048 1158 2095 te
1183 2042 1411 2096 credere
1432 2040 1616 2095 Marti.

375 2130 536 2185 Haud
563 2132 786 2200 ignarus
809 2118 975 2199 eram,
1006 2137 1273 2201 quantum
1295 2147 1441 2183 nova
1466 2129 1642 2197 gloria
1664 2129 1722 2182 in
1748 2129 1914 2183 armis

372 2216 450 2271 Et
473 2218 764 2287 praedulce
788 2218 955 2272 decus
978 2220 1158 2288 primo
1184 2202 1486 2273 cei-tamine
1510 2224 1713 2287 posset.
2306 2214 2411 2267 155

374 2303 662 2360 Primitiae
685 2300 908 2359 iuvenis*
923 2306 1172 2371 miserae,
1200 2304 1439 2374 bellique
1464 2304 1775 2373 propinqui·

373 2390 530 2446 Dura
540 2390 892 2467 rudimenta!
935 2396 992 2445 et
1015 2388 1155 2446 nulli
1179 2391 1439 2446 exaudita
1462 2390 1691 2445 deorum

375 2476 528 2531 Vota
553 2462 848 2549 precesque
874 2478 1057 2530 meae!
1099 2482 1284 2545 tuque,
1315 2492 1348 2529 ο
1373 2475 1715 2531 sanctissima
1738 2476 1995 2544 coniunx,

375 2566 530 2620 Felix
555 2553 732 2620 morte
757 2572 868 2631 tua,
896 2583 1074 2635 neque
1099 2565 1158 2620 in
1182 2566 1331 2619 hunc
1355 2572 1577 2621 servata
1600 2566 1877 2621 dolorem!

376 2652 588 2708 Contra
612 2669 715 2722 ego
741 2652 982 2707 vivendo
1009 2652 1262 2723 vicimea
1285 2652 1417 2721 fata,
1444 2658 1720 2723 superstes
1752 2650 1854 2695 ⁸⁵——
2306 2652 2415 2703 160

317 2740 662 2803 „zRestarem
689 2746 750 2794 ut
773 2739 1021 2809 genitor..⁴
1082 2736 1286 2809 Troum
1313 2740 1465 2795 socia
1488 2757 1639 2795 arma
1662 2745 1909 2795 secutum
1944 2761 1955 2771 ·
1994 2757 2005 2782 ··
2042 2757 2062 2779 ²

377 2826 691 2881 Obruerent
714 2826 903 2880 Rutuli
929 2827 1080 2883 telisl
1122 2828 1359 2881 animam
1388 2827 1503 2895 ipse
1525 2826 1811 2895 dedissem,

379 2914 564 2985 Atque
588 2914 726 2969 haec
750 2930 953 2984 pompa
977 2914 1202 2969 domum
1227 2930 1332 2982 me,
1359 2931 1471 2967 non
1502 2913 1766 2979 Pallanta,
1790 2912 2054 2967 referi-etl

287 2998 338 3016 Ὗ
379 3001 432 3055 N
437 3018 497 3055 ec
521 3018 622 3055 vos
645 3002 936 3069 arguerim,
966 3002 1177 3064 Teucri,
1205 3017 1308 3055 nec
1335 3000 1573 3065 foedera,
1600 3016 1703 3052 nec
1729 3016 1863 3069 quas

379 3087 664 3141 Iunximus
686 3088 931 3155 hospitio
956 3088 1180 3143 dextras
1201 3105 1214 3155 3
1255 3102 1375 3141 sors
1398 3086 1505 3139 ista
1528 3091 1779 3139 senectae
2312 3087 2419 3138 165

379 3174 583 3227 Debita
607 3180 725 3228 erat
747 3186 987 3228 nostrae.
1063 3173 1226 3238 Quod
1252 3174 1298 3225 si
1321 3172 1618 3225 immatura
1642 3172 1901 3226 manebat

379 3261 528 3315 Mors
552 3266 800 3330 gnatum,
829 3262 1000 3315 caesis
1025 3259 1356 3314 Volscorum
1382 3258 1602 3311 milibus
1626 3264 1754 3312 ante

379 3347 686 3402 Ducentem
711 3349 768 3401 in
793 3348 1009 3402 Latium
1035 3346 1274 3401 Teucros
1299 3344 1559 3399 cecidisse
1582 3345 1815 3399 iuvaret.

381 3434 528 3498 Quin
553 3451 655 3503 ego
677 3451 791 3489 non
817 3434 926 3489 alio
950 3434 1146 3501 digner
1170 3438 1226 3486 te
1251 3432 1465 3496 sunere,
1495 3431 1667 3499 Palla,

381 3519 559 3583 Quam
583 3506 707 3589 pius
734 3521 967 3589 Aeneas,
998 3524 1054 3573 et
1081 3534 1242 3588 quam
1269 3518 1457 3586 magni
1486 3516 1749 3585 Phryges,
1780 3520 1836 3570 et
1862 3531 2025 3585 quam
2316 3520 2421 3573 170
