2725 3892
977 208 1252 261 vanum
1295 208 1627 262 AENBIDOS
1671 208 1733 259 Χ.

333 370 585 427 Extremi
612 368 916 427 addensent
939 372 1099 439 aeies,
1129 386 1234 425 nec
1257 370 1425 426 turba
1449 370 1665 426 moveri

333 458 466 513 Tela
487 474 792 527 manusque
817 453 966 513 sinit.
1040 458 1186 512 Hinc
1210 457 1394 513 Pallas
1418 459 1590 513 instat
1616 462 1673 511 et
1698 464 1873 525 urget,

334 546 481 601 Hinc
504 552 703 600 contra
725 544 950 613 LausuS,
979 561 1084 599 nec
1107 545 1344 599 multum
1370 544 1647 613 discrepat
1671 556 1838 607 aetas,

335 632 558 701 Egregii
584 610 792 699 foi-md,-
831 632 928 686 sed
953 630 1074 701 quis
1097 632 1324 686 fortuna
1347 635 1579 699 negarat

335 719 401 773 In
427 720 665 793 patriam
689 720 917 775 reditus.
990 718 1150 788 Ipsos
1172 734 1501 773 concurrere
1526 733 1718 786 passus

337 806 504 861 Haud
527 812 714 860 tamen
739 807 886 860 inter
912 822 970 859 se
997 806 1182 873 magni
1207 810 1468 872 regnator
1496 802 1717 873 Olympi
1746 821 1757 857 :

335 893 470 949 Mox
495 892 619 947 illos
643 909 738 947 sua
761 894 882 947 fata
903 899 1132 946 manent
1155 892 1366 945 maiore
1390 891 1493 944 sub
1516 890 1694 945 hoste.

408 980 626 1035 Interea
649 995 806 1034 soror
831 979 976 1033 alma
1001 984 1194 1034 monet
1219 977 1519 1055 succedere
1546 976 1725 1031 Lauso

336 1066 601 1135 Turnum,
631 1067 724 1136 qui
750 1066 962 1137 volucri
989 1081 1154 1119 curru
1177 1064 1426 1117 medium
1454 1070 1603 1121 secat
1629 1078 1841 1132 agmen.

339 1152 416 1207 Ut
443 1150 579 1207 vidit
603 1154 812 1229 socies:
859 1155 893 1181 “
913 1152 1152 1220 Tempus
1177 1149 1449 1218 desistere
1474 1156 1721 1219 pugnae3

339 1239 499 1293 Solus
523 1256 625 1309 ego
649 1240 706 1293 in
734 1238 992 1293 Pallanta
1015 1239 1182 1305 feror,
1213 1224 1479 1291 solimih'i
1502 1236 1685 1293 Pallas

340 1326 618 1394 Debetur3
656 1342 914 1395 euperem
939 1324 1058 1394 ipse
1081 1316 1282 1393 parens
1305 1328 1585 1393 spectator
1608 1324 1879 1379 adesset.'’

339 1412 492 1467 Haec
517 1414 610 1479 ait,
640 1418 697 1467 et
721 1412 857 1466 socii
883 1415 1166 1466 cesserunt
1191 1428 1431 1480 aequore
1452 1408 1621 1465 iusso.

345 1502 437 1567 At,
469 1499 734 1555 Rutulum
760 1500 1032 1566 abscessu,
1059 1498 1276 1553 iuvenis
1301 1505 1419 1552 tum
1444 1498 1591 1553 iussa
1614 1498 1853 1567 superba

339 1586 573 1643 Miratus
599 1586 785 1663 stupet
807 1578 1097 1664 in'Turno,
1129 1601 1439 1654 corpusque
1466 1601 1564 1657 per
1588 1585 1785 1653 ingens

340 1674 574 1729 Lumina
597 1672 786 1740 volvit,
817 1672 1044 1741 obitque
1071 1674 1213 1727 truci
1239 1672 1434 1741 procul
1462 1671 1647 1725 omnia
1673 1672 1808 1736 visu,

340 1760 561 1815 Talibus
585 1764 652 1815 et
667 1760 830 1814 dietis
853 1760 900 1819 it
925 1764 1120 1815 contra
1143 1759 1292 1814 dicta
1317 1758 1574 1825 tyranni:

345 1850 380 1877 “
399 1851 517 1902 Aut
541 1846 730 1917 spoliis
755 1863 856 1915 ego
881 1846 992 1900 iam
1019 1846 1192 1914 raptis
1215 1844 1483 1920 laudabor
1510 1846 1725 1914 opimis,

341 1934 460 1988 Aut
485 1934 598 1988 leto
623 1933 856 2001 insigni:
897 1933 1033 1987 sorti
1061 1940 1216 2001 pater
1241 1950 1449 2002 aequus
1472 1934 1689 2001 utrique
1714 1938 1811 1987 est.

342 2019 495 2075 Tolle
519 2018 752 2075 minas.”
827 2019 998 2075 Fatus
1021 2019 1262 2073 medium
1289 2020 1543 2088 procedit
1566 2020 1625 2073 in
1652 2036 1873 2089 aequor.

341 2107 596 2177 Frigidus
619 2108 932 2163 Arcadibus
956 2108 1069 2163 coit
1091 2108 1152 2161 in
1177 2106 1503 2176 praecordia
1525 2108 1765 2179 sanguis.

344 2194 582 2251 Desiluit
605 2196 822 2251 Turnus
847 2196 1073 2265 biiugis3
1115 2183 1540 2265 pedes'apparat
1564 2194 1643 2247 ire

346 2283 682 2339 Comminus.
759 2282 1070 2353 thuessleo,
1103 2262 1328 2351 specula
1349 2298 1475 2335 cum
1502 2280 1640 2335 vidit
1664 2280 1733 2335 ab
1758 2266 1871 2335 alta

345 2370 504 2425 Stare
528 2370 720 2440 procul
745 2372 954 2440 campis
978 2370 1342 2425 meditantem
1365 2368 1423 2423 in
1450 2368 1661 2437 proelia
1683 2373 1921 2433 taurum,

346 2456 624 2512 Advolat:
663 2458 814 2513 haud
841 2458 952 2513 alia
975 2464 1058 2513 est
1084 2455 1256 2511 Turni
1281 2456 1557 2511 venientis
1580 2456 1779 2525 imago,

347 2544 511 2599 Hunc
539 2544 636 2600 ubi
661 2545 982 2613 contiguum
1009 2546 1210 2599 missae
1233 2544 1359 2599 fore
1384 2542 1621 2601 credidit
1642 2542 1851 2610 hastae,

347 2631 436 2687 Ir‘e
460 2632 612 2701 prior
635 2631 832 2699 Palla«,
862 2631 908 2685 si
937 2648 1046 2701 qua
1067 2632 1186 2685 fors
1209 2616 1437 2685 adiuvet
1462 2618 1653 2685 ausum

345 2718 576 2773 Viribus
598 2718 916 2788 imparibus,
947 2734 1320 2787 magnumque
1342 2718 1422 2772 ita
1448 2716 1521 2772 ad
1544 2716 1773 2772 aethera
1796 2716 1983 2773 fatur:

314 2778 386 2862 [R
403 2806 512 2860 Per
533 2807 709 2877 patris
733 2805 1036 2875 hospitium
1061 2810 1118 2859 et
1139 2821 1375 2869 mensas,
1404 2820 1541 2874 quas
1562 2803 1779 2859 advena
1800 2802 1979 2871 adisti,

347 2893 422 2949 Te
447 2910 658 2963 precor,
687 2891 902 2959 Alcide,
932 2892 1144 2961 coeptis
1165 2892 1483 2957 ingentibus
1508 2891 1671 2945 adsis.

348 2982 553 3035 Cernat
577 2980 838 3035 semineci
865 2980 1084 3035 sibime
1109 2996 1300 3050 rapere
1325 2996 1481 3033 arma
1503 2982 1749 3043 cruenta,

347 3066 743 3136 victoremque
766 3066 954 3121 ferant
977 3066 1278 3121 morientia
1299 3064 1515 3119 lumina
1540 3064 1772 3118 Turni.”

346 3154 546 3209 Audiit
574 3153 798 3208 Alcides
823 3155 1092 3220 iuvenem,
1121 3167 1498 3221 magnumque
1522 3151 1625 3205 sub
1650 3152 1767 3205 imo

348 3240 528 3294 Oorde
552 3240 756 3309 premit
779 3240 1046 3307 gemitum
1071 3238 1437 3305 lacrimasque
1462 3236 1703 3289 effundit
1726 3236 1917 3289 inanis.

347 3326 485 3380 Tum
512 3327 750 3381 Genitor
773 3332 964 3380 natum
992 3326 1158 3379 dictis
1181 3324 1403 3378 adfatur
1429 3322 1649 3376 amicis:

351 3414 386 3444 ‘⁸
407 3414 533 3469 Stat
557 3430 656 3469 sua
680 3414 876 3481 cuique
901 3412 1050 3480 dies3
1091 3412 1260 3465 breve
1283 3414 1342 3463 et
1366 3406 1733 3475 inreparabile
1758 3411 1979 3483 tempus

349 3500 622 3555 Omnibus
645 3504 732 3553 est
757 3498 904 3552 vitae
919 3514 944 3577 g·
975 3496 1072 3551 sed
1095 3496 1302 3549 famam
1337 3492 1637 3546 extendere
1662 3490 1842 3555 factis,

2274 631 2374 683 435

2482 514 2535 638 -.ly
2487 470 2553 483 ,-

2274 1936 2379 1987 450
2474 1906 2518 1923 “’

2274 2370 2379 2421 455

2279 2805 2384 2857 400

2286 3234 2391 3284 465
