2725 3892
981 199 1255 252 vanum
1291 201 1629 254 'Annnlnos
1674 201 1789 255 vn.

369 355 604 430 Mollius,
633 365 690 413 et
713 359 875 414 solito
901 367 1138 414 matrum
1164 362 1234 415 de
1257 379 1429 432 more,
1456 363 1645 420 locuta
1668 369 1767 432 est,

367 442 546 499 Multa
568 461 732 515 super
753 451 888 502 nata
910 446 1206 502 lacrimans
1229 448 1599 520 Phrygiisque
1624 451 1974 519 hymenaeis:

369 533 402 559 “
421 531 788 586 Exsulibusne
813 531 976 587 datur
1001 534 1254 589 ducenda
1277 536 1510 591 Lavinia
1533 537 1773 606 Teucris,

366 617 415 670 Ο
441 618 693 686 genitor?
731 635 834 674 neo
859 625 915 673 te
939 621 1163 676 miseret
1187 627 1459 691 nataeque
1484 624 1709 693 tuique?
2296 627 2398 678 860

365 703 420 757 N
422 721 485 759 eo
509 707 701 760 matris
724 707 962 775 miseret,
989 723 1156 778 quam
1179 709 1360 777 primo
1386 711 1641 779 aquilone
1664 712 1939 782 relinquet

363 791 630 859 Perfidus,
659 792 772 847 alta
795 799 992 862 petens
1015 794 1255 850 abducta
1279 796 1511 865 virgine,
1538 797 1783 866 praedo?

368 877 446 932 At
467 894 582 932 non
607 879 686 933 sio
709 878 986 948 Phrygius
1009 886 1266 950 penetrat
1289 881 1707 938 Lacedaemona
1728 889 1918 954 pastor

364 965 740 1036 Ledaeamque
765 965 1036 1020 Helenam
1060 967 1326 1023 Troianas
1352 971 1507 1044 rexit
1532 971 1603 1025 ad
1628 972 1825 1026 urbes?

364 1051 509 1118 Quid
535 1057 628 1108 tua
651 1058 840 1108 saneta
861 1053 1040 1108 fides?
1079 1054 1210 1124 quid
1237 1041 1371 1111 cura
1394 1059 1623 1127 antiqua
1646 1066 1869 1112 tuorum
2292 1061 2394 1113 865

361 1139 435 1202 Et
457 1141 862 1210 oonsanguiueo
889 1143 1094 1196 totiens
1119 1143 1250 1198 data
1275 1145 1503 1200 dextera
1530 1145 1755 1199 Turno?

363 1227 422 1280 Si
445 1243 615 1298 gener
639 1233 870 1284 externa
893 1230 1104 1298 petitur
1127 1231 1197 1285 de
1221 1238 1385 1300 gente
1408 1231 1637 1299 Latinis,

331 1308 343 1334 '
357 1293 534 1384 quue
559 1313 729 1383 sedet,
757 1314 1040 1386 Faunique
1067 1325 1328 1386 premunt
1352 1324 1411 1373 te
1431 1319 1579 1374 iussa
1600 1320 1863 1389 parentis,

363 1400 598 1454 Omnem
624 1401 876 1472 equidem
903 1405 1133 1473 sceptris
1157 1410 1382 1472 terram,
1412 1422 1552 1475 quae
1574 1407 1751 1461 libera
1772 1409 1975 1461 nostris

361 1487 621 1557 Dissidet,
651 1494 936 1543 externam
962 1507 1102 1560 reor,
1131 1497 1190 1546 et
1213 1493 1292 1546 sio
1315 1492 1499 1547 dicere
1524 1493 1700 1548 divos,
2288 1495 2393 1551 370

359 1573 435 1628 Et
459 1573 734 1644 Turum-si
763 1577 942 1644 prima
963 1578 1161 1632 domus
1185 1583 1471 1648 repetatur
1496 1581 1669 1649 origO,

361 1659 600 1715 Inachus
625 1661 980 1732 Acrisiusque
1004 1671 1192 1733 patres
1215 1665 1539 1736 mediaeque
1563 1667 1883 1734 Mystenaest’

433 1747 534 1801 His
556 1748 652 1802 ubi
677 1751 1008 1820 nequiquam
1033 1739 1196 1805 dietis
1219 1758 1448 1820 experta
1470 1753 1727 1807 Latinum

362 1833 572 1889 Contra
599 1843 743 1890 stare
769 1837 937 1906 videt,
968 1839 1298 1908 penitusque
1323 1840 1384 1892 in
1410 1841 1623 1895 viscera
1646 1842 1857 1910 lapsum

361 1921 644 1992 Serpentis
667 1924 860 1978 furiale
887 1925 1109 1994 malum,
1136 1931 1420 1996 totamque
1443 1933 1707 1996 pererrat,
2290 1930 2391 1984 375

359 2009 498 2063 Tum
524 2025 656 2064 vero
683 2011 893 2081 infelix,
921 2011 1240 2080 ingentibus
1266 2015 1451 2068 exeita
1472 2015 1748 2080 monstris,
2074 2035 2085 2046 ·

359 2095 692 2151 Immensum
717 2097 835 2151 sine
861 2115 1014 2152 more
1039 2099 1176 2152 furit
1197 2099 1491 2170 lymphata
1512 2117 1611 2170 per
1634 2103 1861 2156 urbem:

360 2183 474 2236 Ceu
501 2183 779 2254 quondam
803 2189 956 2238 torto
981 2185 1221 2240 volitans
1245 2187 1346 2240 sub
1374 2189 1604 2242 verbere
1629 2188 1809 2255 turbe,

361 2269 534 2334 Quem
561 2270 718 2340 pueri
736 2287 938 2340 magno
961 2271 1018 2326 in
1045 2289 1184 2342 gyro
1213 2289 1390 2331 vacua
1415 2275 1556 2328 atria
1580 2275 1787 2328 circum

359 2356 566 2412 Intenti
591 2359 722 2413 ludo
746 2359 1172 2414 exercent—ille
1197 2364 1353 2414 aetus
1380 2359 1597 2414 habena
2288 2365 2393 2416 380

358 2445 618 2501 Cui-vatis
641 2448 822 2501 fertur
846 2447 1067 2516 spatiis3
1113 2451 1300 2514 stupet
1326 2445 1499 2500 inscia
1522 2462 1691 2515 supra

357 2530 722 2602 Impubesque
745 2549 956 2600 manus,
985 2533 1190 2588 mirata
1215 2531 1459 2587 volubile
1482 2533 1690 2586 buxum
1712 2553 1728 2598 ;

355 2617 508 2672 Dant
531 2619 746 2674 animos
768 2619 960 2688 plagae
977 2635 1182 2674 z-non
1209 2635 1375 2674 eursu
1400 2619 1623 2696 segnior
1646 2619 1745 2674 illo

355 2705 464 2761 Per
487 2707 698 2764 medias
720 2709 887 2763 urbes
911 2709 1092 2776 agitur
1119 2708 1461 2778 populosque
1488 2707 1704 2762 ferocis.

313 2779 505 2859 “''Quin
529 2795 696 2852 etiam
719 2795 779 2849 in
832 2794 845 2807 ⁹
1011 2793 1266 2852 simulato
1293 2795 1521 2848 numine
1548 2792 1771 2860 Bacchi,
2282 2799 2387 2850 885

268 2883 281 2892 “
304 2905 322 2920 x
355 2881 534 2936 Maius
559 2879 754 2937 adorta
776 2897 848 2936 ne
953 2881 1328 2950 maioremque
1353 2883 1483 2936 orsa
1504 2869 1795 2946 furorem„

353 2968 569 3036 Evolat,
597 2974 655 3023 et
679 2975 864 3025 natam
889 2969 1163 3024 frondosis
1187 2967 1469 3023 montibus
1492 2967 1659 3034 abdit,

355 3054 480 3121 Quo
505 3055 808 3112 thalamum
833 3056 1034 3125 eripiat
1057 3055 1281 3110 Teucris
1305 3055 1603 3124 taedasque
1628 3059 1891 3120 moretur,

358 3144 392 3172 ‘⁴
411 3141 609 3197 Euhoe
634 3141 850 3197 Bacche
875 3141 908 3171 ”
934 3143 1193 3208 fremens,
1223 3140 1401 3194 solum
1427 3145 1484 3194 te
1510 3141 1724 3209 virgine
1750 3139 1975 3208 dignum

353 3228 720 3285 Vociferans:
762 3228 966 3282 etenim
993 3227 1174 3281 mollis
1199 3226 1300 3280 tibi
1327 3242 1543 3280 sumere
1566 3219 1805 3296 thyrsos,
2284 3229 2386 3280 390

355 3315 432 3370 Te
455 3301 691 3370 lustrare
717 3315 904 3386 choro,
934 3332 1152 3370 sacrum
1175 3313 1280 3368 tibi
1303 3329 1529 3382 pascere
1554 3314 1781 3368 crinem.

353 3401 527 3458 Fama
548 3404 716 3470 volat,
746 3403 1010 3472 furiisque
1033 3417 1294 3464 accensas
1317 3407 1545 3470 pectore
1568 3409 1775 3457 matres

355 3485 506 3540 idem
535 3489 714 3541 omnis
737 3487 900 3541 simul
927 3488 1092 3543 ardor
1116 3488 1246 3557 agit,
1273 3503 1421 3542 nova
1444 3505 1709 3557 quaerere
1728 3493 1893 3542 teota-
