2725 3892
935 95 1210 148 VERGILI
1253 95 1583 148 AENEIDOS
1626 97 1772 146 vm.-

333 258 556 318 Auxilio
579 257 755 328 laetos
781 257 1088 326 dimittam,·
1105 256 1411 326 opibusque
1434 257 1653 312 iuvabo.

326 345 550 400 Interea
572 361 728 399 sacra
749 345 903 413 haec,
933 343 1153 414 quando
1178 343 1287 398 huc
1311 343 1542 402 venistis
1567 342 1745 412 amici,

326 432 547 501 Annua,
579 447 718 501 quae
743 431 969 485 differre
993 431 1167 498 nefas,
1197 429 1473 484 celebrate
1497 430 1747 484 faventes

326 518 650 586 Nobiscum,
679 522 736 572 et
760 513 872 571 iam
895 534 1045 571 nunc
1071 518 1344 572 sociorum
1370 517 1679 572 adsuescite
1702 517 1962 572 mensis.”

295 589 354 673 s
396 605 550 682 Haec
573 604 669 658 ubi
696 603 861 672 dicta,
889 603 1057 672 dapes
1082 603 1238 658 iubet
1261 608 1320 658 et
1341 603 1563 658 sublata
1584 605 1775 674 reponi
2261 605 2357 662 1⁹15

325 689 544 760 Pocula,
571 691 964 760 gramineoque
989 690 1139 765 viros
1162 689 1312 744 locat
1335 691 1457 760 ipse
1480 690 1655 768 sedili,

325 777 800 848 Praecipuumque
823 781 950 850 toro
971 781 1030 830 et
1054 775 1232 830 villosi
1259 777 1403 846 pelle
1427 775 1602 852 leonis

327 864 551 934 Accipit
574 863 823 930 Aenean,
843 862 1102 938 'solioque
1129 862 1333 934 invitat
1357 861 1580 921 acerne.
1610 909 1615 918 .

326 953 464 1006 Tum
487 951 618 1006 lecti
643 951 872 1004 iuvenes
894 949 1152 1016 certatim
1179 965 1417 1020 araeque
1438 951 1696 1006 sacerdos

327 1039 560 1094 Viscera
581 1042 732 1092 tosta
754 1038 947 1098 ferunt
969 1041 1270 1106 taurorum,
1301 1043 1645 1107 onerantque
1668 1037 1923 1094 canistris
2258 1041 2359 1094 180

326 1126 492 1180 Dona
513 1125 795 1180 laboratae
820 1122 1056 1192 Cereris,
1083 1121 1471 1193 Bacchumque
1495 1125 1829 1180 ministrant.

325 1211 588 1268 Vescitur
611 1211 831 1266 Aeneas
853 1207 1016 1265 simul
1043 1215 1100 1264 et
1127 1210 1365 1265 Troiana
1386 1213 1645 1266 iuventus

325 1298 588 1368 Perpetui
612 1301 772 1367 tergo
795 1296 956 1351 bovi's
981 1301 1038 1350 et
1062 1296 1380 1352 lustralibus
1402 1300 1563 1354 extis.

395 1371 696 1454 Postquam
721 1389 982 1454 exempta
1007 1384 1184 1438 fames
1211 1388 1270 1438 et
1289 1401 1445 1459 amor
1470 1401 1816 1454 compressus
1840 1385 2053 1452 edendi,

325 1471 449 1526 Rex
469 1471 762 1526 Euandrus
785 1472 892 1527 ait:
937 1473 971 1500 “
989 1470 1116 1525 Non
1144 1472 1282 1526 haec
1306 1469 1597 1546 sollemnia
1618 1472 1793 1540 nobis,
2256 1473 2355 1526 185

325 1560 440 1614 Has
465 1575 533 1614 ex
557 1575 712 1612 more
736 1557 919 1627 dapes,
949 1557 1094 1613 hanc
1119 1559 1261 1612 tanti
1288 1559 1533 1614 numinis
1556 1576 1705 1614 aram

327 1645 488 1700 Vana
511 1644 832 1714 superstitio
860 1648 1217 1714 veterumque
1242 1645 1435 1714 ignara
1460 1645 1691 1700 deorum

324 1733 622 1802 Imposuit:
663 1732 857 1799 saevis,
885 1731 1088 1800 hospes
1109 1728 1360 1799 Troiane,
1388 1732 1611 1800 periclis

325 1820 541 1875 Servati
565 1820 800 1902 facimus
825 1820 1159 1889 meritosque
1185 1835 1459 1874 novamus
1482 1819 1735 1884 honores.

324 1907 442 1962 Iam
467 1909 705 1978 primum
734 1909 879 1964 saxis
905 1923 1226 1978 suspensam
1251 1907 1399 1962 hanc
1424 1908 1607 1978 aspice
1633 1894 1857 1978 rupem.
2257 1909 2357 1960 190

325 1995 600 2050 Disiectae
624 1996 818 2066 procul
843 2001 904 2050 ut
927 1994 1118 2064 moles,
1141 1995 1475 2068 desertaque
1499 1995 1707 2049 montis

323 2081 448 2138 Stat
471 2082 686 2150 domus,
713 2083 1010 2153 etscopuli
1031 2083 1314 2152 ingentem
1339 2088 1561 2138 traxere
1585 2084 1817 2137 ruinam.

324 2171 432 2225 Hie
456 2169 717 2240 spelunca
741 2169 865 2236 fuit,
895 2175 1056 2225 vasto
1081 2169 1338 2224 sub'mota
1359 2185 1594 2236 recessu,

324 2257 714 2312 Semihominis
737 2256 866 2312 Caci
890 2257 1063 2312 facies
1085 2272 1253 2326 quam
1281 2255 1405 2310 dira
1426 2256 1665 2322 tenebat,

323 2343 466 2398 Solis
489 2344 823 2400 inaccessam
849 2343 1051 2410 radiis3
1094 2358 1421 2412 semperque
1444 2342 1654 2398 recenti
2256 2343 2358 2395 195

321 2425 756 2501 Caede‘tepebat
778 2432 994 2494 humus,
1025 2431 1344 2499 foribusque
1365 2426 1548 2486 adfiia
1571 2426 1821 2497 superbis

321 2514 641 2592 Ora'virum
665 2518 814 2573 tristi
837 2517 1153 2588 pendebant
1179 2515 1387 2586 pallida
1408 2516 1557 2592 tabo:

320 2601 464 2659 Huic
485 2609 738 2660 monstro
763 2603 1044 2659 Volcanus
1071 2609 1193 2660 erat
1217 2608 1409 2672 pater:
1450 2600 1609 2656 illius·
1622 2605 1771 2654 atros

321 2690 434 2746 Ore
457 2708 686 2747 vomens
709 2692 854 2761 ignis
876 2707 1077 2760 magna
1100 2709 1158 2748 se
1185 2677 1330 2746 indie
1357 2689 1629 2766 fereQ·

323 2778 530 2833 Attulit
555 2784 613 2833 et
634 2779 795 2832 nobis
820 2778 1116 2855 aliquando
1139 2776 1463 2848 optantibus
1486 2783 1641 2834 aetas
1708 2817 1719 2824 .
2252 2779 2357 2830 200

321 2864 606 2932 Auxilium
631 2864 1043 2935 adventumque
1070 2865 1198 2920 dei.-
1253 2863 1407 2940 Nam
1426 2835 1701 2928 maximus
1726 2859 1889 2926 ultor,

319 2951 628 3020 Tergemini
653 2967 794 3006 nece
821 2952 1114 3019 Geryonae
1137 2951 1435 3020 spoliisque
1458 2951 1739 3020 superbus,

321 3037 542 3092 Alcides
565 3038 770 3107 aderat,
797 3045 1096 3108 taurosque
1120 3037 1226 3095 hac
1249 3037 1430 3096 victor
1454 3038 1653 3106 agebat
1752 3095 1763 3108 ,

319 3124 579 3194 Ingentis,
609 3125 916 3195 vallemque
938 3126 1112 3180 boves
1135 3139 1463 3194 amnemque
1486 3125 1769 3179 tenebant.

319 3213 400 3266 At
423 3213 578 3266 furiis
603 3211 735 3266 Caci
759 3229 919 3270 mens
943 3212 1124 3280 effera,
1152 3227 1224 3265 ne
1250 3209 1383 3283 quid
1406 3212 1663 3265 inausum
2250 3209 2353 3260 205

319 3298 438 3352 Aut
461 3299 816 3354 intractatum
843 3298 1134 3354 scelerisve
1157 3298 1340 3354 dolive
1362 3297 1575 3364 fuisset,

319 3382 596 3447 Quattuor
620 3401 653 3437 a
677 3385 907 3448 stabulis
931 3384 1233 3454 praestanti
1260 3399 1492 3453 corpore
1516 3388 1709 3438 tauros
