2725 3892
1010 242 1288 293 VERGILI
1333 243 1664 294 AENEIDOS
1710 244 1770 295 X.

375 404 728 459 Concurrunt
751 403 1069 471 Tyrrhenae
1095 406 1254 470 acieS,
1283 410 1451 473 atque
1478 406 1737 459 omnibus
1760 404 1874 472 uni,

374 491 482 546 Uni
511 491 756 559 odiisque
781 489 902 543 viro
927 490 1158 559 telisque
1185 492 1571 561 frequentibus
1594 493 1825 546 instant.

373 579 488 647 Ille,
517 578 668 632 velut
693 592 875 645 rupes,
904 582 1118 630 vastum
1147 594 1288 646 quae
1312 578 1497 647 prodit
1525 579 1581 632 in
1610 595 1830 647 aequor,

374 664 553 718 Obvia
578 668 872 717 ventorum
899 664 1060 717 furiis
1085 668 1423 733 expostaque
1448 670 1639 733 ponto,

372 751 504 805 Vim
533 756 786 804 cunctam
815 756 976 817 atque
1002 751 1180 803 minas
1205 752 1419 818 perfert
1445 751 1689 818 caelique
1714 752 2003 821 marisque,

369 836 499 905 Ipsa
522 838 752 889 immota
777 851 1020 901 manens,
1049 836 1260 904 prolem
1290 836 1651 891 Dolichaonis
1676 837 1924 891 Hebrum

371 924 581 977 Sternit
605 922 776 989 humi,
806 938 932 975 cum
957 938 1066 991 quo
1093 921 1362 990 Latagum
1390 921 1749 994 Palmumque
1770 924 2046 994 fugacem,

369 1010 478 1065 Sed
503 1009 773 1078 Latagum
797 1025 931 1062 saxo
956 1016 1122 1078 atque
1141 1003 1356 1077 ingenti
1382 1010 1657 1078 fragmine
1684 1012 1890 1066 montis

369 1096 620 1166 Occupat
641 1113 706 1150 os
729 1096 1038 1165 faciemque
1063 1096 1366 1164 adversam,
1396 1096 1607 1181 poplite
1632 1098 1885 1153 Palmum

369 1185 593 1239 Succiso
619 1183 766 1237 volvi
792 1200 1013 1251 segnem
1041 1182 1205 1252 sinit3
1247 1198 1360 1237 arm
1370 1200 1509 1253 aque
1532 1184 1711 1238 Lauso

367 1272 556 1325 Donat
578 1270 782 1325 habere
810 1270 1012 1324 umeris
1037 1276 1094 1325 et
1121 1270 1325 1325 vertice
1351 1270 1521 1338 figere
1544 1272 1755 1325 cristas.

367 1358 487 1413 Nec
511 1375 621 1412 non
649 1358 942 1411 Euanthen
967 1357 1286 1425 Phrygium,
1318 1356 1641 1427 Paridisque
1660 1354 1939 1415 Mimanta

373 1446 675 1517 Aequalem
701 1444 1082 1513 comitemque,
1111 1460 1220 1497 una
1247 1460 1409 1513 quem
1436 1450 1603 1499 nocte
1627 1444 1853 1501 Theano

367 1533 431 1587 In
457 1533 634 1587 lucem
659 1531 893 1600 genitori
919 1532 1136 1597 Amyco
1160 1530 1328 1591 dedit.
1357 1522 1415 1584 et
1440 1533 1557 1585 face
1584 1548 1892 1601 praegnans
1913 1504 1954 1558 7

369 1622 570 1674 Cisseis
595 1620 787 1687 regina
810 1618 976 1671 Parin
1000 1637 1013 1671 z
1055 1618 1210 1671 Paris
1239 1618 1373 1685 urbe
1400 1626 1633 1687 paterna

367 1707 648 1773 Occubat;
689 1707 940 1773 ignarum
965 1704 1212 1759 Laurens
1235 1706 1407 1759 habet
1432 1722 1532 1760 ora
1558 1705 1841 1763 Mimanta.

365 1794 452 1849 Ac
480 1794 630 1848 velut
653 1793 746 1847 ille
771 1808 968 1849 canum
995 1809 1184 1863 morsu
1209 1792 1280 1846 de
1305 1794 1585 1847 montibus
1610 1794 1738 1848 altis

367 1882 544 1935 Actus
569 1896 716 1949 aper,
745 1879 951 1937 multos
979 1878 1218 1933 Vesulus
1243 1896 1407 1947 quem
1434 1880 1642 1949 pinifer
1666 1896 1841 1935 annos

367 1968 642 2033 Defendit,
671 1968 982 2036 multosque
1011 1968 1165 2035 palus
1191 1966 1503 2035 Laurentia,
1534 1968 1673 2023 silva

365 2058 564 2111 Pastus
589 2054 947 2123 harundines,
980 2060 1272 2125 postquam
1298 2056 1445 2109 inter
1471 2057 1612 2110 ret-ia
1636 2063 1863 2111 ventum
1890 2061 1987 2124 est,

363 2143 637 2210 Substitit,
665 2130 1062 2209 infremuitque
1087 2142 1244 2210 ferqx
1271 2149 1326 2196 et
1353 2143 1632 2197 inhorruit
1658 2160 1869 2209 armos;

363 2230 418 2285 N
419 2247 482 2284 ec
507 2230 760 2297 cuiquam
787 2229 947 2283 irasci
974 2230 1269 2297 propiusve
1293 2230 1553 2285 accedere
1581 2232 1775 2295 virtus,

363 2316 472 2371 Sed
495 2316 686 2371 iaculis
713 2316 958 2384 tutisque
985 2316 1177 2384 procul
1203 2316 1538 2372 clamoribus
1563 2318 1773 2372 instant
1799 2336 1812 2376 :

363 2404 463 2457 Ille
489 2408 672 2457 autem
699 2402 1010 2470 impavidus
1036 2402 1210 2471 partis
1237 2410 1535 2459 cunctatur
1558 2405 1617 2457 in
1644 2404 1837 2470 omnis,

361 2490 635 2543 Dentibus
659 2488 998 2555 infrendens,
1027 2496 1085 2543 et
1109 2496 1265 2559 tergo
1292 2491 1503 2544 decutit
1528 2491 1742 2543 hastas:

362 2575 521 2630 Haud
552 2576 730 2641 aliter,
757 2574 936 2629 iustae
962 2576 1158 2644 quibus
1183 2584 1266 2631 est
1293 2576 1597 2631 Mezentius
1622 2576 1769 2642 irae,

362 2662 410 2717 N
418 2673 492 2717 'on
515 2662 612 2715 ulli
639 2670 722 2715 est
745 2662 960 2715 animus
983 2663 1172 2717 stricto
1199 2679 1527 2717 concurrere
1552 2662 1702 2715 ferro
1723 2682 1736 2729 3

359 2750 654 2805 Missilibus
677 2748 840 2817 longe
866 2756 923 2803 et
950 2755 1106 2804 vasto
1131 2750 1369 2804 clamore
1394 2749 1687 2805 lacessunt.

359 2837 608 2893 Venerat
633 2837 874 2905 antiquis
900 2835 1132 2905 Corythi
1159 2837 1228 2889 de
1253 2836 1453 2889 finibus
1477 2836 1681 2904 Acron,

360 2926 558 2979 Graius
583 2925 766 2992 homo,
796 2923 1028 2977 infectos
1052 2923 1308 2991 linquens
1332 2924 1601 2992 profugus
1624 2924 1989 2992 hymenaeos3

361 3012 523 3066 Hunc
549 3011 646 3065 ubi
671 3012 992 3065 miscentem
1019 3009 1182 3078 longe
1209 3009 1391 3062 media
1416 3011 1635 3077 agmina
1660 3010 1815 3079 vidit,

358 3100 704 3168 Purpureum
732 3096 928 3165 pennis
953 3101 1012 3150 et
1037 3102 1229 3165 pactae
1255 3096 1507 3165 coniugis
1531 3103 1713 3152 ostro:

358 3186 631 3254 Impastus
655 3183 870 3237 stabula
895 3182 1004 3237 alta
1027 3182 1117 3237 leo
1141 3198 1242 3235 ceu
1267 3198 1429 3251 saepe
1454 3200 1769 3252 peragrans»,

357 3272 564 3327 Suadet
590 3271 736 3325 euim
763 3285 966 3323 vesana
989 3270 1179 3337 fames,
1209 3270 1254 3323 si
1279 3270 1423 3324 forte
1448 3271 1701 3339 fugacem

357 3360 664 3427 Conspexit
689 3372 961 3425 capream,
990 3361 1086 3410 aut
1111 3362 1427 3425 surgentem
1452 3358 1511 3411 in
1536 3374 1743 3413 cornua
1768 3374 2009 3423 cervum,

355 3446 588 3509 Gaudet,
617 3446 778 3498 hians
801 3444 1058 3511 immane,
1086 3460 1379 3514 comasque
1404 3447 1627 3513 arrexit,
1658 3452 1714 3499 et
1736 3445 1929 3499 haeret

355 3531 675 3585 Visceribus
701 3546 867 3599 super
890 3529 1216 3586 incumbens
1232 3532 1425 3599 filavit
1444 3533 1704 3603 improba
1726 3537 1905 3588 taeter

2308 714 2411 809 ⁶95

2302 1622 2407 1677 '705

2300 2056 2405 2113 710
