2725 3892
1004 192 1279 244 VERGILI
1322 192 1652 245 AENEIDOS
1693 194 1782 245 11.

379 352 761 421 Tyrrhenique
784 350 969 421 duces,
1000 352 1349 420 Tyrrhenum
1375 354 1650 409 exereitus
1674 356 1870 411 omnis.

384 438 581 508 Magna
602 444 831 508 tropaea
854 438 1053 506 ferunt,
1084 454 1223 507 quos
1244 440 1343 513 dat
1366 448 1467 495 tua
1489 440 1720 497 dextera
1741 441 1890 511 leto;
1949 464 1964 477 ·

257 524 459 618 sJTu
485 540 702 594 quoque
728 516 873 579 nune
900 530 1077 579 stares
1098 526 1357 579 immanis
1382 526 1611 593 truncus
1634 527 1696 581 in
1719 528 1904 597 armis,

378 612 539 665 Esset
563 626 665 681 par
689 615 853 677 aetas,
883 616 941 664 et
964 610 1111 665 idem
1134 612 1183 665 si
1206 612 1382 667 robur
1407 612 1476 668 ab
1501 614 1674 683 annis,

378 696 761 752 Turne.‘—-Sed
784 697 981 751 infelix
1005 698 1245 753 Teucros
1268 699 1404 768 quid
1427 698 1687 754 demoror
1711 704 1912 757 armis?
2314 706 2415 761 175

380 784 585 839 Vadite
608 789 667 838 et
688 783 827 837 haee
854 800 1125 838 memores
1148 786 1267 853 regi
1290 785 1554 841 mandata
1579 788 1816 843 referte:

381 871 543 938 Quod
569 872 737 925 vitam
765 886 951 946 moror
976 871 1227 939 invisam,
1256 870 1510 927 Pallante
1534 882 1836 944 perempto,

380 959 625 1015 Dextera
648 973 810 1011 eausa
834 964 934 1012 tua
956 965 1053 1023 est,
1082 957 1329 1013 Turnum
1354 966 1632 1031 gnatoque
1654 963 1906 1033 patrique

380 1046 560 1112 Quam
586 1043 787 1098 debere
812 1044 982 1098 vides.
1060 1044 1273 1099 Meritis
1299 1053 1462 1102 vaoat
1487 1048 1580 1104 hie
1603 1050 1704 1105 tibi
1729 1051 1878 1107 solus

379 1132 765 1199 Fortunaeque
788 1130 960 1191 loeus.
1034 1130 1167 1185 Non
1186 1114 1341 1187 'vitae
1364 1134 1566 1202 gaudia
1590 1151 1826 1205 quaet-03
2312 1142 2418 1193 180

379 1218 499 1273 Neo
522 1220 637 1287 fas3
678 1217 771 1271 sed
798 1207 969 1285 gnato
992 1216 1171 1273 Manis
1193 1221 1446 1288 perferre
1469 1222 1572 1277 sub
1595 1223 1790 1279 imos.’'

449 1306 669 1359 Aurora
691 1304 917 1359 interea·
928 1304 1143 1359 miseris
1168 1308 1496 1363 mortalibus
1519 1309 1717 1367 almam

378 1392 675 1471 Extulerat
691 1392 887 1460 lucem,
917 1394 1159 1450 referens
1185 1413 1357 1466 opera
1382 1402 1546 1467 atque
1572 1398 1820 1453 labores:

380 1479 495 1534 Iam
522 1484 679 1549 pater
705 1479 938 1548 Aeneas,
966 1482 1075 1535 iam
1100 1499 1271 1537 curvo
1293 1484 1353 1537 in
1380 1484 1542 1539 litore
1566 1484 1818 1540 Tarchon

380 1567 731 1621 Constituere
758 1583 940 1636 pyras.
1014 1568 1141 1621 Euo
1166 1586 1400 1639 corpora
1427 1572 1654 1641 quisque
1677 1588 1900 1627 suorum
2311 1576 2416 1629 185

378 1655 535 1711 More
558 1656 735 1709 tulere
759 1662 1008 1725 patrum3
1050 1658 1416 1727 subiectisque
1439 1659 1659 1727 ignibus
1678 1660 1816 1713 atris

380 1743 652 1799 Conditur
674 1742 735 1797 in
758 1743 1014 1797 tenebras
1038 1742 1211 1798 altum
1236 1745 1468 1813 caligine
1494 1746 1725 1800 eaelum.

378 1832 482 1887 Ter
506 1830 713 1885 circum
739 1846 1013 1897 accensos,
1040 1831 1203 1885 uincti
1228 1830 1568 1896 fulgentibus
1591 1832 1775 1899 armis,

379 1918 683 1973 Decurrere
709 1936 899 1987 rogos3
940 1924 1029 1972 ter
1052 1924 1321 1973 maestum
1342 1919 1550 1973 funeris
1572 1920 1756 1987 ignem

378 2004 705 2061 Lustravere
736 2007 791 2059 in
819 2004 987 2075 equiti,
1016 2003 1361 2073 ululatusque
1387 2022 1482 2059 ore
1507 2005 1727 2059 dedere.
2313 2008 2416 2060 190

376 2087 663 2162 Spargitur
688 2096 745 2147 et
767 2092 931 2155 tellus
952 2092 1207 2157 lacrimis,
1234 2096 1568 2160 sparguntur
1591 2097 1648 2145 et
1672 2108 1854 2159 αττηις

378 2179 431 2233 It
456 2180 610 2234 caelo
634 2179 949 2249 clamorque
972 2178 1155 2233 virum
1180 2178 1514 2247 clangorque
1537 2179 1810 2233 tubarum.

380 2266 485 2321 Hic
510 2266 601 2321 alii
628 2266 801 2336 spolia
824 2266 1019 2321 occisis
1042 2266 1273 2335 derepta
1297 2265 1510 2321 Latinis

380 2357 676 2413 Conieiunt
702 2358 834 2427 igni,
862 2356 1043 2427 galeas
1070 2370 1335 2423 ensesque
1360 2352 1592 2407 decoros

378 2442 663 2515 Frenaque
688 2445 1063 2513 ferventisque
1089 2448 1273 2507 rotas3
1316 2456 1446 2511 pars
1469 2456 1700 2494 munera
1725 2444 1874 2509 nota,
2310 2442 2414 2495 195

378 2530 631 2602 Ipsorum
657 2532 863 2603 clipeos
887 2538 945 2587 et
968 2548 1081 2587 non
1108 2529 1293 2585 felicia
1316 2526 1446 2583 tela.

380 2616 555 2673 Multa
571 2620 747 2676 boum
772 2620 921 2674 eirea
943 2624 1256 2676 maetantur
1280 2631 1520 2685 corpora
1542 2613 1728 2677 Morti,

378 2702 795 2774 Saetigerosque
820 2720 945 2759 sues
968 2708 1261 2773 raptasque
1286 2718 1359 2756 ex
1385 2700 1640 2753 omuibus
1663 2698 1812 2768 agris

379 2788 445 2843 In
470 2790 745 2847 flammam
771 2791 1025 2860 iugulant
1048 2790 1303 2860 pecudes.
1381 2786 1519 2841 Tum
1545 2786 1710 2841 litore
1733 2790 1858 2843 toto

378 2876 647 2933 Ardentis
668 2883 920 2948 spectant
944 2878 1137 2943 socios,
1166 2880 1515 2944 semustaque
1541 2876 1768 2929 servant
2307 2876 2416 2929 200

378 2963 567 3033 Busta,
596 2982 775 3035 neque
800 2964 961 3019 avelli
987 2972 1231 3033 possunt,
1259 2978 1376 3017 nox
1398 2961 1588 3015 umida
1611 2960 1790 3016 donee

378 3050 615 3106 Invertit
638 3052 847 3107 eaelum
874 3052 1047 3105 stellis
1070 3049 1392 3105 ardentibus
1415 3054 1621 3117 aptum.

449 3138 567 3192 Neo
592 3139 775 3192 minus
800 3144 857 3191 et
880 3138 1066 3191 miseri
1090 3136 1309 3190 diversa
1330 3136 1391 3189 in
1415 3140 1572 3203 parte
1599 3132 1782 3187 Latini

380 3221 701 3276 Innumeras
724 3228 975 3277 struxere
1000 3237 1181 3290 pyras,
1209 3226 1267 3274 et
1290 3234 1526 3287 corpora
1549 3218 1752 3285 partim

379 3306 557 3363 Multa
580 3310 758 3363 virum
786 3316 965 3363 terrae
988 3307 1285 3371 infodiunt,
1314 3312 1613 3372 avectaque
1637 3304 1838 3372 partim
2313 3302 2416 3353 205

382 3394 443 3449 Fi
452 3396 672 3450 nitimos
695 3394 903 3451 tollunt
923 3395 983 3448 in
1008 3410 1185 3462 agros,
1212 3392 1444 3460 urbique
1469 3390 1792 3458 remittunt3

382 3481 598 3551 Cetera,
627 3482 999 3551 confusaeque
1024 3482 1297 3549 ingentem
1325 3478 1506 3533 caedis
1531 3493 1810 3543 acervum,
