2725 3892
961 178 1238 231 meai
1281 176 1613 232 mamus
1656 177 1771 229 111.

332 341 508 402 §istit
533 356 704 411 equos
728 340 930 409 biiugis
954 346 1010 394 et
1035 355 1202 393 curru
1227 338 1429 407 desilit,
1448 345 1615 408 atque

349 428 672 483 semianimi
698 426 962 497 lapsoque
987 426 1320 495 supervenit,
1345 431 1405 481 et
1426 425 1569 494 pede
1596 424 1739 489 00110

349 514 639 589 impresso,
665 512 896 567 dextrae
923 528 1116 569 mucro
1157 529 1244 567 em
1271 517 1571 581 extorquet
1594 518 1652 565 et
1676 511 1791 567 alto

348 600 674 672 Fulgentem
699 601 902 669 tinguit
927 600 1137 669 iugulo,
1155 608 1322 668 atque
1343 598 1483 653 haec
1506 598 1731 668 insuper
1756 598 1939 655 addit:

352 689 502 757 “En,
525 704 702 758 agros,
725 694 796 754 et,
821 702 984 757 quam
1011 685 1172 751 benc,
1195 684 1449 751 Troiane,
1470 686 1673 755 petisti,

349 774 672 846 Hesperiam
697 777 894 829 metire
917 774 1136 827 iacens:
1177 772 1312 829 haee
1336 773 1593 842 praemia,
1617 773 1709 842 qui
1736 789 1825 827 me

347 862 518 919 Ferro
543 864 662 919 ausi
685 868 977 931 temptare,
1001 860 1224 927 ferunt;
1265 859 1346 915 sio
1372 860 1594 914 moenia
1616 859 1919 916 condunt.”

349 950 490 1005 Huic
514 950 774 1006 comitem
799 950 1058 1017 Asbyten
1082 948 1334 1003 coniecta
1357 946 1585 1015 cuspide
1608 946 1797 1015 mittit,

349 1037 693 1107 Chloreaque
719 1036 1082 1106 Sybarimque
1107 1034 1425 1103 Daretaque
1452 1032 1979 1103 Thersilochumque

345 1124 420 1193 Et
444 1124 708 1178 sternacis
731 1124 858 1193 equi
883 1123 1094 1193 lapsum
1121 1121 1338 1177 cervice
1364 1120 1727 1187 Thymoeten.

347 1207 433 1265 Ac
459 1211 610 1267 velut
633 1204 826 1265 Edoni'
842 1210 1054 1267 Bore'ae
1077 1226 1203 1265 cum
1228 1209 1457 1279 spiritus
1480 1202 1619 1261 0100

346 1297 574 1353 Insonat
600 1298 838 1367 Aegaeo,
868 1298 1222 1367 sequiturque
1245 1295 1318 1351 ad
1339 1295 1507 1349 litora
1532 1293 1746 1361 fluctus,

348 1384 472 1449 Qua
497 1385 648 1439 venti
669 1385 988 1452 incubuere,
1009 1384 1196 1453 fugam
1221 1382 1360 1437 daut
1384 1380 1573 1437 nubila
1600 1379 1783 1446 caelo:

347 1470 438 1525 Sic
464 1470 663 1539 Turn0,
686 1486 1028 1541 quacumque
1055 1471 1198 1525 viam
1223 1476 1387 1536 secat,
1418 1469 1639 1537 agmina
1664 1467 1871 1523 cedunt

347 1556 770 1626 Conversaeque
795 1562 962 1611 ruunt
987 1556 1158 1625 acies3
1201 1554 1312 1609 fert
1335 1554 1577 1623 impetus
1600 1554 1799 1622 ipsum,
1822 1556 1985 1603 *⁷-

346 1642 420 1697 Et
442 1644 666 1697 cristam
691 1643 924 1697 adverso
949 1659 1114 1697 curru
1137 1643 1318 1711 quatit
1343 1658 1479 1696 aura
1502 1642 1803 1697 volantem.

344 1728 474 1783 Non
498 1730 627 1786 tulit
651 1731 949 1785 instantem
971 1730 1226 1797 Phegeus
1249 1730 1557 1799 animisque
1582 1730 1911 1783 frementem
1932 1747 1947 1795 ς

347 1816 566 1871 Obiecit
591 1800 709 1871 sese
733 1816 802 1871 ad
827 1832 1066 1886 currum,
1089 1823 1146 1873 et
1171 1817 1487 1885 spumantia
1508 1816 1679 1871 frenis

347 1902 460 1983 Ora
485 1886 778 1957 citatorum
804 1901 1000 1955 dextra
1021 1901 1256 1979 detorsit
1280 1918 1561 1971 equorum.

345 1990 494 2043 Dum
519 1988 757 2043 trahitur
783 1988 1092 2057 pendetque
1117 1986 1271 2057 iugis,
1295 1988 1443 2055 hunc
1467 1989 1579 2045 lata
1604 2000 1874 2050 retectum

347 2077 560 2131 Lancea
584 2076 952 2145 consequitur,
975 2080 1292 2153 rumpitque
1314 2074 1488 2133 infixa
1510 2070 1727 2133 bilicem

343 2163 612 2232 Loricam,
637 2168 692 2217 et
717 2178 992 2216 summum
1018 2163 1274 2233 degustat
1299 2165 1525 2221 volnere
1550 2183 1769 2236 corpus.

343 2250 444 2305 Ille
468 2256 655 2305 tamen
679 2249 858 2318 clipeo
883 2250 1102 2305 obiecto
1125 2240 1424 2307 conversus
1447 2253 1507 2307 iu
1532 2253 1747 2309 bostem

343 2337 484 2407 Ibat,
507 2343 565 2392 et
587 2336 854 2393 auxilium
879 2337 1047 2393 ducto
1073 2354 1336 2393 mucrone
1359 2340 1611 2407 petebat:
1862 2406 1870 2414 ·

345 2425 486 2480 Oum
509 2429 634 2479 rota
655 2424 1015 2494 praecipitem
1039 2430 1098 2479 et
1121 2442 1389 2493 procursu
1414 2427 1667 2482 concitus
1692 2427 1808 2481 axis

343 2510 573 2581 Impulit
586 2502 945 2585 'effunditque
969 2511 1102 2579 s010,
1126 2511 1449 2581 Turnusque
1478 2520 1696 2567 secutus

342 2597 522 2739 Eam
547 2598 694 2651 inter
717 2597 930 2666 galeam
955 2598 1154 2651 summi
1182 2598 1427 2670 thoracis
1452 2608 1509 2653 et
1534 2615 1661 2653 oras

437 2684 592 2757 stulit
615 2700 747 2738 ense
772 2688 952 2753 caput,
973 2690 1338 2754 truncumque
1363 2684 1586 2754 reliquit
1608 2684 1863 2739 harenae.

413 2772 601 2841 Atque
627 2786 694 2825 ea
716 2770 846 2824 dum
874 2771 1080 2840 campis
1106 2771 1282 2827 victor
1307 2772 1407 2825 dat
1429 2772 1625 2827 funera
1648 2770 1879 2835 Turnus,

343 2858 562 2913 Interea
587 2858 818 2923 Aenean
843 2856 1163 2913 Mnestheus
1187 2864 1244 2913 et
1267 2858 1409 2929 fidus
1434 2858 1681 2913 Achates

341 2946 715 3014 Ascaniusque
741 2960 927 2998 comes
942 2946 1144 3015 ⁸castris
1168 2951 1412 3001 statuere
1436 2952 1741 3013 cruentum,

341 3033 605 3085 Alternos
627 3031 797 3099 longa
819 3031 1090 3085 nitentem
1116 3032 1344 3101 cuspide
1363 3048 1595 3099 gressus.

341 3118 541 3185 Saevit,
565 3126 622 3171 et
647 3118 885 3172 infracta
908 3117 1150 3172 luctatur
1174 3118 1486 3173 harundine
1509 3120 1681 3175 telum

338 3190 586 3275 Eripere,
609 3204 927 3274 auxilioque
953 3205 1116 3273 viam,
1135 3223 1273 3275 quae
1299 3207 1567 3276 proxima,
1588 3206 1797 3277 poscit:

339 3292 485 3347 Ense
507 3298 698 3347 secent
720 3291 835 3346 lato
861 3290 1072 3359 volnus,
1096 3292 1300 3365 telique
1325 3292 1595 3349 latebram

341 3380 683 3447 Rescindaut
706 3380 944 3450 penitus,
967 3396 1193 3449 seseque
1219 3380 1276 3434 in
1300 3380 1445 3437 bella
1470 3382 1773 3435 remittant.

343 3466 566 3535 Iamque
590 3466 783 3523 aderat
806 3466 1037 3520 Phoebo
1063 3472 1191 3521 ante
1215 3467 1351 3522 alios
1376 3467 1611 3521 dilectus
1634 3466 1780 3537 lapis

2285 776 2391 827 seo

2282 1209 2389 1263 aas

2280 1640 2388 1695 870

2278 2078 2409 2209 875.)
2442 2057 2451 2085 ²
2591 2056 2604 2067 “

2278 2516 2387 2569 aso

2274 2950 2381 3001 aes

2271 3383 2379 3435 390
