2725 3892
1000 205 1275 256 VERGILI
1320 205 1696 256 GEORGIGON
1744 206 1836 257 111.

396 369 641 438 Proluit3
680 368 936 424 insolitae
958 365 1179 436 fugiunt
1198 367 1257 420 in
1280 365 1508 422 flumina
1531 367 1758 434 phocae.

396 455 598 510 Interit
622 461 681 510 et
702 455 889 510 curvis
912 455 1119 508 frustra
1135 452 1369 508 detensa
1393 453 1622 509 latebris

396 541 623 612 Vipera,
652 547 710 596 et
733 541 960 596 attoniti
984 539 1224 610 squamis
1248 541 1560 596 astantibus
1581 542 1765 610 hydri.

396 628 540 698 Ipsis
563 633 647 682 est
669 634 762 682 aer
786 627 980 682 avibus
1002 643 1117 680 non
1144 641 1365 696 aequus,
1395 632 1452 681 et
1475 626 1600 682 illae

397 714 737 784 Praecipites
761 713 875 770 alta
898 714 1071 768 vitam
1098 712 1199 767 sub
1226 714 1376 767 nube
1399 714 1732 783 relinquunt.

396 802 662 857 Praterea
684 801 795 855 iam
816 816 921 855 nec
944 799 1147 854 mutari
1172 799 1378 868 pabula
1400 800 1585 868 refert,

399 887 799 957 Quaesitseque
825 891 1030 942 nocent
1054 890 1231 953 artes3
1271 901 1486 941 cessere
1509 887 1776 957 magistri,

396 974 731 1043 Phillyrides
754 973 963 1028 Chiron
991 972 1514 1043 Amythaoniusque
1540 973 1861 1044 Melampus.

398 1063 603 1130 Saevit,
632 1067 689 1116 et
710 1063 771 1115 in
794 1061 973 1116 lucem
1000 1060 1210 1130 Stygiis
1234 1061 1436 1114 emissa
1459 1061 1706 1115 tenebris

398 1148 611 1204 Pallida
633 1147 931 1218 Tisiphone
954 1146 1178 1201 Morbos
1202 1146 1315 1217 agit
1338 1152 1468 1202 ante
1493 1145 1828 1218 Metumque,

398 1236 573 1306 Inque
595 1235 717 1290 dies
740 1233 965 1289 avidum
990 1247 1220 1302 surgens
1243 1239 1411 1302 caput
1434 1232 1600 1289 altius
1621 1235 1794 1289 effert.

398 1321 599 1378 Balatu
624 1337 885 1391 pecorum
910 1326 969 1376 et
993 1321 1203 1375 crebris
1224 1319 1528 1388 mugitibus
1551 1336 1742 1375 amnes

399 1410 747 1478 Arentesque
770 1413 969 1462 sonant
992 1407 1147 1476 ripae
1170 1406 1446 1477 collesque
1469 1407 1667 1476 supini.

399 1495 625 1565 Iamque
648 1495 972 1550 catervatim
996 1493 1093 1548 dat
1116 1499 1355 1564 stragem
1383 1499 1548 1562 atque
1573 1501 1798 1564 aggerat
1819 1495 1953 1566 ipsis

399 1581 467 1636 In
493 1581 721 1637 stabulis
744 1581 893 1651 turpi
918 1579 1129 1650 dilapsa
1154 1579 1428 1635 cadavera
1451 1580 1597 1649 tabo,

400 1669 593 1724 Donec
616 1668 787 1722 humo
808 1673 999 1737 tegere
1022 1683 1089 1722 ac
1112 1666 1289 1720 foveis
1314 1666 1650 1722 abscondere
1673 1667 1908 1724 discunt.

400 1754 546 1810 Nam
572 1770 751 1823 neque
774 1760 896 1808 erat
918 1753 1085 1808 coriis
1108 1767 1255 1820 usus,
1284 1767 1390 1806 nec
1415 1753 1628 1808 viscera
1653 1755 1940 1824 quisquam

400 1843 520 1897 Aut
544 1840 705 1896 undis
728 1840 949 1896 abolere
971 1845 1173 1910 potest,
1202 1845 1299 1896 aut
1322 1840 1548 1895 vincere
1573 1839 1810 1896 flamma.

401 1928 489 1985 Ne
514 1928 743 1984 tondere
768 1928 987 1998 quidem
1012 1927 1209 1982 morbo
1230 1925 1548 1998 inluvieque
1572 1943 1764 1998 peresa

400 2017 643 2090 Vellera,
670 2038 774 2077 nec
796 2022 937 2077 telas
958 2025 1191 2092 possunt
1214 2022 1486 2092 attingere
1515 2019 1726 2090 putris;

402 2104 615 2162 Verum
641 2108 826 2177 etiam,
856 2109 1061 2164 invisos
1086 2109 1131 2163 si
1158 2109 1281 2178 quis
1302 2113 1604 2179 temptarat.
1628 2109 1876 2175 amictus,

400 2192 683 2249 Ardentes
706 2193 937 2265 papulae
961 2201 1127 2264 atque
1150 2194 1469 2249 immundus
1493 2194 1701 2250 olentia
1723 2195 1892 2250 sudor

402 2277 652 2334 Membra
674 2280 1020 2350 sequebatur,
1040 2297 1145 2334 nec
1167 2281 1335 2349 longo
1358 2279 1559 2335 deinde
1581 2282 1822 2336 moranti

402 2363 673 2435 Tempore
696 2371 983 2422 contactos
1008 2371 1161 2422 artus
1184 2383 1339 2422 sacer
1364 2367 1508 2436 ignis
1531 2365 1746 2422 edebat.

2327 545 2428 597 545

2327 979 2432 1030 550

2329 1411 2432 1464 555

2327 1845 2436 1901 660

2327 2284 2433 2338 665
