2725 3892
952 210 1228 265 VERGILI
1271 208 1603 261 AENEIDOS
1646 206 1760 258 xn.

342 380 706 449 Exsultetque
730 377 864 444 solo,
893 376 1060 430 silvas
1085 378 1338 429 armenta
1364 372 1625 439 virosque

340 466 636 522 Involvens
659 480 878 519 secum:
919 462 1149 515 disiecta
1173 476 1272 529 per
1297 458 1521 527 agmins.
1544 454 1763 509 Turnus

341 555 432 609 Sic
455 554 611 607 urbis
635 552 746 605 ruit
773 550 844 605 ad
867 564 1070 615 muros,
1099 548 1193 600 ubi
1219 545 1458 615 plurima
1484 544 1607 597 fuso

341 642 619 710 Sanguine
645 645 796 693 terra
817 636 1020 700 madet,
1051 632 1401 701 striduntque
1428 630 1716 685 hastilibus
1740 642 1935 693 auree3

341 728 735 797 Significatqne
764 739 948 789 manu,
979 726 1036 775 et
1059 734 1262 788 magno
1291 716 1453 771 simul
1478 716 1673 784 incipit
1698 730 1824 769 ore:

347 818 380 845 ‘⁴
397 814 618 869 Parcite
640 813 767 879 iam,
797 808 1008 875 Rutuli,
1037 812 1095 861 et
1121 822 1222 859 vos
1245 805 1358 859 tela
1381 802 1646 868 inhibete,
1674 800 1891 867 Latini3

345 900 733 969 Quaecumque
757 901 842 951 est
865 894 1132 959 Fortuna,
1165 908 1290 945 mea
1311 894 1431 955 est3
1474 904 1561 943 me
1586 888 1771 941 verius
1802 900 1973 940 unum

344 988 456 1041 Pro
481 986 640 1041 vobis
663 984 858 1038 foedus
881 982 1047 1048 luere,
1081 984 1140 1033 et
1165 976 1464 1031 decernere
1488 974 1693 1029 ferro.”

345 1074 659 1127 Discessere
684 1086 876 1126 omnes
899 1068 1086 1135 medii,
1125 1066 1475 1135 spatiumque
1498 1061 1715 1115 dedere.

419 1160 498 1214 At
523 1164 682 1229 pater
706 1157 940 1223 Aeneas,
967 1154 1158 1209 andito
1191 1150 1417 1205 nomine
1441 1148 1626 1214 Turni,

348 1246 571 1302 Deserit
595 1252 652 1299 et
677 1258 876 1311 muros,
909 1248 968 1296 et
990 1254 1230 1295 summas
1261 1236 1469 1291 deserit-
1493 1250 1659 1301 arces,

349 1332 794 1403 Praecipitetque
821 1344 1005 1382 moras
1031 1326 1223 1391 omnis,
1259 1340 1427 1393 opera
1456 1324 1643 1375 omnia
1666 1320 1892 1390 rumpit,

352 1420 586 1475 Laetitia
610 1416 906 1483 exsultans,
937 1410 1385 1480 horrendumque
1412 1409 1633 1462 intonat
1664 1407 1863 1461 ermis:

352 1508 604 1573 Quantus
634 1504 828 1571 Athos,
860 1506 958 1557 aut
982 1504 1219 1570 quantus
1247 1498 1417 1563 Eryx,
1448 1500 1543 1548 aut
1580 1494 1713 1562 ipse,
1743 1491 1985 1546 coruscis

353 1594 494 1648 Cum
517 1591 712 1647 fremit
733 1590 966 1657 ilicibus,
997 1591 1248 1656 quantus,
1282 1582 1591 1652 gaudetque
1618 1580 1785 1633 nivali

353 1680 581 1735 Vertice
605 1695 666 1732 se
688 1676 946 1732 attollens
969 1680 1126 1743 pater
1153 1671 1519 1741 Appenninus
1540 1669 1609 1723 ad
1634 1684 1813 1723 auras.

355 1768 470 1821 Iam
497 1782 630 1820 vero
656 1769 712 1818 et
735 1762 927 1816 Rutuli
953 1760 1206 1815 certatim
1231 1763 1288 1812 et
1313 1758 1487 1811 Troes
1510 1760 1567 1811 et
1594 1770 1787 1809 omnes

358 1854 698 1909 Convertere
723 1848 913 1904 oculos
937 1846 1078 1913 Itali,
1107 1846 1310 1927 quique
1333 1845 1451 1899 elta
1470 1844 1745 1897 tenebant

358 1932 592 2007 Moenia,
621 1938 822 2007 quique
847 1936 990 1989 imos
1013 1922 1308 2012 pulsabunt
1335 1933 1507 1987 ariete
1532 1948 1735 1999 muros,

361 2026 640 2093 Armaque
665 2024 967 2092 deposuere
993 2021 1213 2095 umeris.
1289 2020 1529 2097 Stupet·
1514 2034 1633 2088 ipse
1658 2016 1919 2101 Latinus

361 2103 622 2180 lugende,
652 2110 868 2177 genitos
891 2104 1122 2161 diversis
1147 2106 1399 2176 partibus
1426 2106 1591 2174 orbis,

361 2199 517 2253 Inter
534 2214 592 2251 se
617 2197 808 2251 coiisse
834 2196 984 2249 viros
1007 2200 1064 2249 et
1083 2210 1309 2249 cernere
1333 2195 1505 2250 terro.

363 2286 552 2355 Atque
577 2283 672 2351 illi,
703 2288 766 2337 ut
790 2298 964 2337 vacuo
989 2288 1289 2353 patuerunt
1317 2298 1557 2350 aequore
1583 2282 1779 2351 campi,

361 2372 636 2427 Procursu
662 2370 872 2439 rapido,
899 2370 1166 2425 coniectis
1191 2368 1406 2423 eminus
1433 2370 1620 2438 bestie,
1660 2354 1674 2361 “

363 2458 644 2513 Invadunt
666 2457 901 2512 Martem
926 2456 1116 2524 clipeis
1141 2460 1306 2525 atque
1335 2442 1463 2511 aere
1490 2474 1781 2525 sonoro‚--

361 2546 473 2601 Dat
497 2546 758 2615 gemitum
787 2543 1140 2598 tellus—-tum
1165 2544 1391 2597 crebros
1417 2546 1639 2618 ensibus
1662 2536 1815 2613 ictus,

365 2633 796 2701 Gongeminant:
838 2632 952 2685 fors
977 2636 1034 2684 et
1058 2631 1236 2685 virtus
1263 2631 1567 2686 miscentur
1590 2633 1647 2685 in
1676 2648 1861 2685 unum.

361 2720 449 2775 Ac
473 2720 625 2774 velut
646 2719 860 2787 ingenti
885 2717 1000 2772 Sila
1022 2734 1308 2773 summove
1335 2718 1593 2773 Taburno

365 2806 504 2861 Oum
529 2806 642 2859 duo
669 2804 948 2871 conversis
973 2805 1198 2859 inimice
1222 2806 1282 2859 in
1307 2804 1517 2875 proelia
1540 2806 1685 2860 tauri

365 2887 662 2947 Frontibus
685 2892 1236 2961 incurrunt—pavidi
1263 2908 1477 2947 cessere
1498 2876 1777 2959 magistri,
1764 2910 1777 2923 ·

364 2980 488 3035 Stet
509 2994 680 3049 pecus
705 2994 870 3032 omne
893 2984 1046 3033 metu
1075 2984 1308 3045 mutum,
1333 2986 1694 3061 mussantque
1718 2980 1997 3041 iuvencae,

366 3065 502 3132 Quis
527 3066 740 3120 nemori
765 3067 1066 3135 imperitet,
1099 3082 1262 3135 quem
1290 3050 1411 3121 tota
1438 3072 1685 3119 armenta
1707 3069 2079 3133 sequantur-

364 3152 452 3206 Illi
476 3153 626 3206 inter
649 3168 766 3207 sese
791 3154 966 3207 multa
993 3154 1050 3206 vi
1076 3152 1304 3206 volnera
1329 3152 1579 3219 miscent,

367 3234 698 3311 Cornuaque
721 3226 926 3295 obnixi
944 3238 1198 3308 infigunt,
1227 3246 1286 3292 et
1313 3238 1583 3307 sunguine
1606 3236 1763 3306 largo

366 3320 565 3381 Colle*
547 3312 882 3397 armosque]
953 3326 1080 3393 affin
1117 3316 1264 3395 &emi
1293 3342 1328 3379 u
1353 3326 1547 3379 numne
1572 3326 1737 3382 emn'e
1762 3322 2030 3391 remugit:

367 3410 498 3468 Non
523 3401 682 3467 aliter
707 3412 845 3468 Tros
869 3414 922 3467 A
957 3428 1092 3467 neas
1113 3418 1172 3467 et
1195 3412 1248 3467 D
1287 3413 1449 3466 nnius
1472 3404 1641 3466 heros

367 3499 720 3557 Concurrunt
745 3498 962 3570 clipeisg
1001 3501 1198 3567 ingens
1219 3499 1405 3567 fragor
1430 3497 1657 3552 aethere
1682 3494 1941 3565 complet.

2276 538 2388 589 690

2281 968 2385 1021 695

2284 1400 2319 1456 ’ἴ
2322 1403 2391 1453 00

2290 1836 2395 1892 ¹705

2294 2276 2399 2333 ’ΠΟ

2298 2714 2401 2769 715

2300 3148 2405 3202 720
