2725 3892
1004 196 1319 253 ”me
1362 196 1696 253 mnamos
1739 200 1828 254 XI.

352 362 628 419 Exercent
652 361 822 431 cellia
851 366 1016 433 atque
1040 360 1237 431 horum
1265 364 1568 432 asperrima
1591 372 1840 433 pascunt.

355 449 507 505 Haec
532 450 713 505 omnis
735 449 889 518 regio
915 454 971 503 et
994 449 1123 503 celsi
1148 450 1313 519 plaga
1334 450 1501 519 pinea
1523 450 1734 505 montis

354 536 530 591 Cedat
554 536 826 592 amicitiae
849 535 1201 605 Teucrorum,
1226 543 1285 591 et
1308 536 1548 591 foederis
1571 552 1772 607 aequas

352 622 614 678 Dicamus
636 623 800 691 leges,
829 622 1117 693 sociosque
1138 623 1199 677 in
1224 639 1399 693 regna
1423 638 1712 689 vocemus3

352 698 675 777 Considant,
704 710 965 781 sigtantus
986 724 1157 778 amor,
1186 714 1245 765 et
1268 710 1492 764 moenia
1513 708 1773 766 condant.

353 796 450 850 Sin
476 798 613 851 alios
636 796 761 851 finis
785 796 1055 866 aliamque
1080 812 1363 865 capessere
1388 798 1608 864 gentem

353 882 451 936 Est
475 884 704 951 animus,
732 892 1071 952 possuntque
1096 872 1507 936 solo'decedere
1533 888 1739 950 nostro,

352 969 449 1023 Bis
472 969 641 1023 denas
665 969 808 1023 Italo
832 975 1087 1024 texamus
1110 970 1311 1023 robore
1338 970 1511 1037 navis,

353 1056 461 1110 Seu
487 1056 661 1125 pluris
684 1056 961 1125 complere
986 1055 1204 1124 valent3
1244 1054 1392 1109 iacet
1416 1057 1598 1111 omnis
1620 1056 1690 1109 ad
1715 1056 1918 1111 undam
2005 1054 2008 1059 ’
2117 1113 2132 1121 ,

352 1138 637 1197 Materies:
678 1144 783 1212 ipsi
808 1158 1207 1211 numerumque
1230 1140 1564 1212 modumque
1589 1142 1792 1197 cai-inis

351 1228 735 1299 Praecipiant;
776 1246 877 1283 nos
901 1246 1044 1298 aera,
1071 1244 1281 1297 manus,
1310 1229 1533 1283 navalia
1556 1228 1764 1283 demus.

351 1315 661 1384 Praeterea,
690 1316 783 1387 qui
806 1316 955 1371 dicta
976 1316 1165 1371 ferant
1186 1322 1243 1370 et
1266 1315 1496 1371 foedera
1513 1308 1751 1384 firment,

353 1401 588 1457 Centum
616 1408 864 1457 oratores
888 1403 1069 1472 prima
1090 1402 1159 1457 de
1183 1408 1349 1472 gente
1373 1402 1600 1457 Latinos

352 1489 440 1544 Ire
464 1490 671 1559 placet,
690 1488 947 1559 pacisque
971 1506 1139 1545 manu
1164 1488 1526 1559 praetendere
1551 1505 1748 1557 ramos,

350 1574 587 1631 Munera
608 1578 885 1647 portantis
908 1578 1135 1647 aurique
1160 1578 1452 1646 eborisque
1475 1576 1686 1631 talenta

351 1663 424 1719 Et
448 1664 639 1718 sellam
662 1666 819 1741 regui
842 1666 1199 1735 trabeamque
1222 1666 1460 1733 insignia
1483 1666 1674 1720 nostri.

352 1748 637 1803 Consulite
662 1749 715 1802 in
742 1750 1003 1818 medium,
1034 1756 1091 1803 et
1114 1751 1277 1805 rebus
1302 1750 1608 1805 succurrite
1633 1750 1849 1805 fessis.'’

398 1834 563 1889 Tum
584 1835 847 1901 Drances,
874 1836 1019 1890 idem
1046 1837 1306 1905 infensus,
1338 1854 1502 1906 quem
1521 1835 1700 1906 gloria
1725 1836 1896 1891 Turni

352 1921 591 1991 Obliqua
614 1922 823 1998 invidia
848 1922 1189 1990 stimulisque
1212 1924 1460 2002 agitabat
1483 1922 1698 1989 amaris,

352 2006 560 2077 Largus
585 2024 767 2078 opum,
798 1992 855 2061 et
878 2008 1067 2073 lingua
1087 2008 1295 2077 melior,
1325 2008 1422 2061 sed
1447 2008 1648 2078 frigida
1672 2008 1816 2063 bello

352 2094 611 2161 Dextera,
640 2094 881 2149 consiliis
906 2093 1128 2147 habitus
1152 2108 1266 2147 nou
1289 2082 1495 2148 futtilis
1519 2100 1727 2162 auctor,

352 2181 633 2237 Seditione
657 2186 1100 2253 potens—genus
1128 2179 1255 2233 huic
1280 2184 1531 2235 materna
1555 2180 1855 2249 superbum

351 2266 629 2324 Nobilitas
652 2268 834 2333 dabat,
864 2267 1131 2322 incertum
1158 2266 1230 2321 de
1252 2272 1410 2336 patre
1433 2268 1722 2323 ferebat—

352 2354 557 2425 Surgit,
585 2361 643 2410 et
665 2355 753 2409 his
778 2360 973 2409 onerat
997 2354 1161 2409 dictis
1184 2358 1349 2425 atque
1375 2354 1640 2425 aggerat
1623 2370 1763 2411 iras.

308 2440 337 2468 ³
354 2442 391 2473 ‘⁴
404 2440 545 2498 Bem
569 2441 710 2497 nulli
733 2442 1040 2509 obscuram,
1064 2448 1291 2497 nostrae
1312 2456 1420 2497 nec
1441 2440 1594 2496 vocis
1617 2446 1888 2512 egentem,

353 2528 625 2598 Consulis,
652 2544 689 2583 o
712 2529 857 2585 bone
880 2546 1009 2597 τοῖς
1024 2515 1239 2585 cuncti
1262 2546 1323 2585 se
1346 2529 1488 2584 scire
1509 2528 1778 2599 fatentur,
1821 2552 1848 2585 ν
1884 2568 1926 2612 ⁴.

352 2614 501 2683 Quid
526 2616 747 2671 fortuna
771 2614 914 2693 ferat
936 2616 1158 2686 populi·
1198 2616 1297 2671 aed
1320 2616 1508 2671 dicere
1528 2608 1841 2672 mussant*

350 2700 464 2758 Det
482 2702 795 2757 libertatem
821 2702 989 2769 fandi,
1020 2702 1291 2773 flatusque
1315 2704 1580 2771 remittat,

352 2788 523 2843 Cuius
549 2788 619 2844 ob
644 2789 949 2867 auspicium
972 2790 1275 2845 infaustum
1300 2804 1592 2859 moresque
1615 2790 1940 2847 sinistros-

350 2874 545 2931 Dicam
574 2876 841 2945 equidem,
870 2876 1001 2931 lieet
1024 2892 1179 2935 arma
1200 2876 1339 2931 mihi
1362 2876 1710 2945 mortemque
1733 2876 2050 2947 minetur-

348 2962 588 3019 Lumina
610 2967 713 3017 tot
719 2962 979 3018 cecidisse
1004 2964 1205 3019 ducum
1230 2968 1518 3032 totamque
1542 2962 1792 3017 videmus

352 3050 679 3107 Consedisse
704 3050 894 3105 urbem
904 3049 1089 3117 luctu,
1117 3049 1251 3103 dum
1276 3049 1440 3105 Troia
1464 3054 1704 3119 temptat

351 3138 563 3205 Castra,
590 3137 756 3205 fugae
779 3136 971 3203 fidens,
1000 3132 1059 3189 et
1082 3135 1295 3190 caelum
1318 3134 1544 3191 territat
1578 3136 1760 3205 armis.

350 3224 533 3278 Unum
564 3225 731 3279 etiam
754 3221 920 3277 donis
938 3222 1073 3291 istis,
1103 3238 1241 3292 quae
1266 3222 1504 3292 plurima
1532 3223 1682 3279 mitti

348 3310 699 3367 Dardanidis
704 3310 920 3385 dicique
944 3309 1071 3365 iube
1142 3325 1329 3378 unum,
1358 3311 1568 3379 optime
1592 3325 1800 3379 regum,

349 3398 606 3464 Adicias3
638 3413 753 3476 ‘nec
776 3402 831 3451 te
854 3396 1019 3451 ullius
1042 3326 1329 3451 tricionis
1331 3396 1534 3464 vincat,

350 3485 500 3552 Quin
522 3466 708 3539 natam
732 3482 957 3552 egregio
978 3498 1185 3551 genero
1206 3476 1498 3552 dignisque
1523 3482 1842 3549 hymenaeis

2287 452 2392 505 880

2286 884 2391 937 825

2283 1316 2392 1371 880

2281 2184 2388 2236 840

2277 2618 2385 2673 845

2279 3053 2386 3105 850
