<?xml version="1.0" encoding="UTF-8"?>
<!DOCTYPE html PUBLIC "-//W3C//DTD XHTML 1.0 Transitional//EN"
    "http://www.w3.org/TR/xhtml1/DTD/xhtml1-transitional.dtd">
<html xmlns="http://www.w3.org/1999/xhtml" xml:lang="en" lang="en">
 <head>
  <title>
</title>
<meta http-equiv="Content-Type" content="text/html;charset=utf-8" />
  <meta name='ocr-system' content='tesseract 3.04.00' />
  <meta name='ocr-capabilities' content='ocr_page ocr_carea ocr_par ocr_line ocrx_word'/>
</head>
<body>
  <div class='ocr_page' id='page_1' title='image "arevisedtextpoe01virggoog_0224.png"; bbox 0 0 2725 3892; ppageno 0'>
   <div class='ocr_carea' id='block_1_1' title="bbox 1007 183 1763 236">
    <p class='ocr_par' dir='ltr' id='par_1_1' title="bbox 1007 183 1763 236">
     <span class='ocr_line' id='line_1_1' title="bbox 1007 183 1763 236; baseline 0.005 -4"><span class='ocrx_word' id='word_1_1' title='bbox 1007 183 1284 235; x_wconf 80' lang='lat' dir='ltr'>VERGILI</span> <span class='ocrx_word' id='word_1_2' title='bbox 1327 185 1657 236; x_wconf 71' lang='lat' dir='ltr'>ARNEIDOS</span> <span class='ocrx_word' id='word_1_3' title='bbox 1702 187 1763 236; x_wconf 82' lang='lat' dir='ltr'>V.</span> 
     </span>
    </p>
   </div>
   <div class='ocr_carea' id='block_1_2' title="bbox 359 343 2403 2507">
    <p class='ocr_par' dir='ltr' id='par_1_2' title="bbox 367 343 2403 503">
     <span class='ocr_line' id='line_1_2' title="bbox 367 343 2403 416; baseline 0.003 -18"><span class='ocrx_word' id='word_1_4' title='bbox 367 343 544 414; x_wconf 82' lang='lat' dir='ltr'>Nunc,</span> <span class='ocrx_word' id='word_1_5' title='bbox 573 345 758 412; x_wconf 78' lang='lat' dir='ltr'>Pater,</span> <span class='ocrx_word' id='word_1_6' title='bbox 791 351 848 399; x_wconf 90' lang='lat' dir='ltr'>et</span> <span class='ocrx_word' id='word_1_7' title='bbox 872 345 1056 400; x_wconf 87' lang='lat' dir='ltr'>tenuis</span> <span class='ocrx_word' id='word_1_8' title='bbox 1081 345 1352 400; x_wconf 80' lang='lat' dir='ltr'>Teucrum</span> <span class='ocrx_word' id='word_1_9' title='bbox 1379 363 1467 402; x_wconf 85' lang='lat' dir='ltr'>res</span> <span class='ocrx_word' id='word_1_10' title='bbox 1492 347 1643 416; x_wconf 88' lang='lat' dir='ltr'>eripe</span> <span class='ocrx_word' id='word_1_11' title='bbox 1668 345 1799 402; x_wconf 77' lang='lat' dir='ltr'>leto,</span> <span class='ocrx_word' id='word_1_12' title='bbox 2298 353 2403 404; x_wconf 80' lang='lat'>690</span> 
     </span>
     <span class='ocr_line' id='line_1_3' title="bbox 368 432 1749 503; baseline 0.001 -17"><span class='ocrx_word' id='word_1_13' title='bbox 368 432 474 486; x_wconf 86' lang='lat' dir='ltr'>Vel</span> <span class='ocrx_word' id='word_1_14' title='bbox 499 439 580 502; x_wconf 87' lang='lat' dir='ltr'>tu,</span> <span class='ocrx_word' id='word_1_15' title='bbox 609 432 757 502; x_wconf 87' lang='lat' dir='ltr'>quod</span> <span class='ocrx_word' id='word_1_16' title='bbox 781 439 1046 502; x_wconf 78' lang='lat' dir='ltr'><strong>superest,</strong></span> <span class='ocrx_word' id='word_1_17' title='bbox 1075 433 1284 487; x_wconf 80' lang='lat' dir='ltr'>infesto</span> <span class='ocrx_word' id='word_1_18' title='bbox 1309 434 1541 488; x_wconf 76' lang='lat' dir='ltr'><strong>fulmine</strong></span> <span class='ocrx_word' id='word_1_19' title='bbox 1564 435 1749 503; x_wconf 88' lang='lat' dir='ltr'>morti,</span> 
     </span>
    </p>

    <p class='ocr_par' dir='ltr' id='par_1_3' title="bbox 367 518 1780 590">
     <span class='ocr_line' id='line_1_4' title="bbox 367 518 1780 590; baseline 0.003 -18"><span class='ocrx_word' id='word_1_20' title='bbox 367 518 426 573; x_wconf 82' lang='lat' dir='ltr'>Si</span> <span class='ocrx_word' id='word_1_21' title='bbox 450 536 682 590; x_wconf 85' lang='lat' dir='ltr'>mereor,</span> <span class='ocrx_word' id='word_1_22' title='bbox 712 519 959 587; x_wconf 89' lang='lat' dir='ltr'>demitte,</span> <span class='ocrx_word' id='word_1_23' title='bbox 987 525 1190 589; x_wconf 76' lang='lat' dir='ltr'>tueque</span> <span class='ocrx_word' id='word_1_24' title='bbox 1215 520 1306 574; x_wconf 89' lang='lat' dir='ltr'>hic</span> <span class='ocrx_word' id='word_1_25' title='bbox 1333 521 1507 576; x_wconf 87' lang='lat' dir='ltr'>obrue</span> <span class='ocrx_word' id='word_1_26' title='bbox 1530 520 1780 576; x_wconf 56' lang='lat' dir='ltr'>dextrast&#39;</span> 
     </span>
    </p>

    <p class='ocr_par' dir='ltr' id='par_1_4' title="bbox 367 605 1745 674">
     <span class='ocr_line' id='line_1_5' title="bbox 367 605 1745 674; baseline 0.001 -14"><span class='ocrx_word' id='word_1_27' title='bbox 367 605 482 660; x_wconf 86' lang='lat' dir='ltr'>Vix</span> <span class='ocrx_word' id='word_1_28' title='bbox 507 606 644 660; x_wconf 80' lang='lat' dir='ltr'>haec</span> <span class='ocrx_word' id='word_1_29' title='bbox 667 605 930 674; x_wconf 75' lang='lat' dir='ltr'><strong>ediderat,</strong></span> <span class='ocrx_word' id='word_1_30' title='bbox 961 621 1085 660; x_wconf 84' lang='lat' dir='ltr'>cum</span> <span class='ocrx_word' id='word_1_31' title='bbox 1111 607 1301 660; x_wconf 80' lang='lat' dir='ltr'>effusis</span> <span class='ocrx_word' id='word_1_32' title='bbox 1327 607 1600 662; x_wconf 82' lang='lat' dir='ltr'>imbribus</span> <span class='ocrx_word' id='word_1_33' title='bbox 1622 617 1745 662; x_wconf 78' lang='lat' dir='ltr'>stra</span> 
     </span>
    </p>

    <p class='ocr_par' dir='ltr' id='par_1_5' title="bbox 365 692 1909 762">
     <span class='ocr_line' id='line_1_6' title="bbox 365 692 1909 762; baseline 0.002 -16"><span class='ocrx_word' id='word_1_34' title='bbox 365 692 685 762; x_wconf 79' lang='lat' dir='ltr'><strong>Tempestas</strong></span> <span class='ocrx_word' id='word_1_35' title='bbox 721 693 838 746; x_wconf 90' lang='lat' dir='ltr'>sine</span> <span class='ocrx_word' id='word_1_36' title='bbox 863 709 1018 746; x_wconf 87' lang='lat' dir='ltr'>more</span> <span class='ocrx_word' id='word_1_37' title='bbox 1042 693 1196 762; x_wconf 74' lang='lat' dir='ltr'>furit,</span> <span class='ocrx_word' id='word_1_38' title='bbox 1225 695 1547 762; x_wconf 81' lang='lat' dir='ltr'><strong>tonitruque</strong></span> <span class='ocrx_word' id='word_1_39' title='bbox 1570 700 1909 750; x_wconf 82' lang='lat' dir='ltr'>tremescunt</span> 
     </span>
    </p>

    <p class='ocr_par' dir='ltr' id='par_1_6' title="bbox 365 779 2396 935">
     <span class='ocr_line' id='line_1_7' title="bbox 365 779 2396 848; baseline 0.002 -16"><span class='ocrx_word' id='word_1_40' title='bbox 365 779 560 833; x_wconf 75' lang='lat' dir='ltr'>Ardua</span> <span class='ocrx_word' id='word_1_41' title='bbox 583 785 858 834; x_wconf 79' lang='lat' dir='ltr'>terrerum</span> <span class='ocrx_word' id='word_1_42' title='bbox 884 783 942 832; x_wconf 90' lang='lat' dir='ltr'>et</span> <span class='ocrx_word' id='word_1_43' title='bbox 964 781 1176 848; x_wconf 80' lang='lat' dir='ltr'>campi3</span> <span class='ocrx_word' id='word_1_44' title='bbox 1219 781 1332 834; x_wconf 86' lang='lat' dir='ltr'>ruit</span> <span class='ocrx_word' id='word_1_45' title='bbox 1357 781 1581 835; x_wconf 76' lang='lat' dir='ltr'>aethere</span> <span class='ocrx_word' id='word_1_46' title='bbox 1608 786 1729 835; x_wconf 87' lang='lat' dir='ltr'>toto</span> <span class='ocrx_word' id='word_1_47' title='bbox 2295 787 2396 837; x_wconf 80' lang='lat'>695</span> 
     </span>
     <span class='ocr_line' id='line_1_8' title="bbox 365 865 1925 935; baseline 0.002 -17"><span class='ocrx_word' id='word_1_48' title='bbox 365 865 642 919; x_wconf 80' lang='lat' dir='ltr'>Turbidus</span> <span class='ocrx_word' id='word_1_49' title='bbox 665 865 840 919; x_wconf 88' lang='lat' dir='ltr'>imber</span> <span class='ocrx_word' id='word_1_50' title='bbox 864 880 1006 934; x_wconf 80' lang='lat' dir='ltr'>squs</span> <span class='ocrx_word' id='word_1_51' title='bbox 1029 865 1320 934; x_wconf 85' lang='lat' dir='ltr'>densisque</span> <span class='ocrx_word' id='word_1_52' title='bbox 1342 866 1677 934; x_wconf 75' lang='lat' dir='ltr'>nigerrimus</span> <span class='ocrx_word' id='word_1_53' title='bbox 1700 867 1925 935; x_wconf 76' lang='lat' dir='ltr'>sustris3</span> 
     </span>
    </p>

    <p class='ocr_par' dir='ltr' id='par_1_7' title="bbox 364 951 1870 1022">
     <span class='ocr_line' id='line_1_9' title="bbox 364 951 1870 1022; baseline 0.003 -18"><span class='ocrx_word' id='word_1_54' title='bbox 364 951 780 1022; x_wconf 71' lang='lat' dir='ltr'>Implentur-que</span> <span class='ocrx_word' id='word_1_55' title='bbox 805 967 972 1020; x_wconf 81' lang='lat' dir='ltr'>super</span> <span class='ocrx_word' id='word_1_56' title='bbox 995 969 1234 1021; x_wconf 88' lang='lat' dir='ltr'>puppes;</span> <span class='ocrx_word' id='word_1_57' title='bbox 1279 959 1521 1006; x_wconf 78' lang='lat' dir='ltr'>semusta</span> <span class='ocrx_word' id='word_1_58' title='bbox 1544 953 1870 1008; x_wconf 79' lang='lat' dir='ltr'>madescunt</span> 
     </span>
    </p>

    <p class='ocr_par' dir='ltr' id='par_1_8' title="bbox 365 1037 1900 1110">
     <span class='ocr_line' id='line_1_10' title="bbox 365 1037 1900 1110; baseline 0.003 -18"><span class='ocrx_word' id='word_1_59' title='bbox 365 1037 617 1107; x_wconf 80' lang='lat' dir='ltr'>Robora3</span> <span class='ocrx_word' id='word_1_60' title='bbox 658 1039 954 1094; x_wconf 84' lang='lat' dir='ltr'>restinctus</span> <span class='ocrx_word' id='word_1_61' title='bbox 989 1039 1167 1094; x_wconf 86' lang='lat' dir='ltr'>donec</span> <span class='ocrx_word' id='word_1_62' title='bbox 1191 1055 1366 1107; x_wconf 80' lang='lat' dir='ltr'>vapor</span> <span class='ocrx_word' id='word_1_63' title='bbox 1390 1041 1585 1108; x_wconf 88' lang='lat' dir='ltr'>omnis,</span> <span class='ocrx_word' id='word_1_64' title='bbox 1614 1048 1671 1094; x_wconf 89' lang='lat' dir='ltr'>et</span> <span class='ocrx_word' id='word_1_65' title='bbox 1694 1057 1900 1110; x_wconf 85' lang='lat' dir='ltr'>omnes,</span> 
     </span>
    </p>

    <p class='ocr_par' dir='ltr' id='par_1_9' title="bbox 366 1124 1670 1194">
     <span class='ocr_line' id='line_1_11' title="bbox 366 1124 1670 1194; baseline 0.002 -16"><span class='ocrx_word' id='word_1_66' title='bbox 366 1124 642 1190; x_wconf 75' lang='lat' dir='ltr'><strong>Quattuor</strong></span> <span class='ocrx_word' id='word_1_67' title='bbox 665 1127 893 1194; x_wconf 76' lang='lat' dir='ltr'>emissis,</span> <span class='ocrx_word' id='word_1_68' title='bbox 921 1130 1176 1180; x_wconf 75' lang='lat' dir='ltr'>servatae</span> <span class='ocrx_word' id='word_1_69' title='bbox 1200 1142 1233 1179; x_wconf 83' lang='lat' dir='ltr'><strong>a</strong></span> <span class='ocrx_word' id='word_1_70' title='bbox 1255 1131 1411 1194; x_wconf 85' lang='lat' dir='ltr'>peste</span> <span class='ocrx_word' id='word_1_71' title='bbox 1436 1127 1670 1182; x_wconf 75' lang='lat' dir='ltr'>carinae.</span> 
     </span>
    </p>

    <p class='ocr_par' dir='ltr' id='par_1_10' title="bbox 363 1211 2396 1458">
     <span class='ocr_line' id='line_1_12' title="bbox 435 1211 2396 1282; baseline 0.003 -17"><span class='ocrx_word' id='word_1_72' title='bbox 435 1214 516 1265; x_wconf 87' lang='lat' dir='ltr'>At</span> <span class='ocrx_word' id='word_1_73' title='bbox 541 1216 698 1281; x_wconf 83' lang='lat' dir='ltr'>pater</span> <span class='ocrx_word' id='word_1_74' title='bbox 723 1211 958 1280; x_wconf 74' lang='lat' dir='ltr'>Aeneas,</span> <span class='ocrx_word' id='word_1_75' title='bbox 989 1228 1118 1266; x_wconf 78' lang='lat' dir='ltr'>casu</span> <span class='ocrx_word' id='word_1_76' title='bbox 1147 1227 1445 1266; x_wconf 87' lang='lat' dir='ltr'>concussus</span> <span class='ocrx_word' id='word_1_77' title='bbox 1468 1214 1687 1282; x_wconf 78' lang='lat' dir='ltr'>acerbo,</span> <span class='ocrx_word' id='word_1_78' title='bbox 2292 1217 2396 1273; x_wconf 76' lang='lat'>700</span> 
     </span>
     <span class='ocr_line' id='line_1_13' title="bbox 367 1287 2271 1368; baseline 0.002 -16"><span class='ocrx_word' id='word_1_79' title='bbox 367 1297 420 1352; x_wconf 88' lang='lat' dir='ltr'>N</span> <span class='ocrx_word' id='word_1_80' title='bbox 421 1315 530 1353; x_wconf 89' lang='lat' dir='ltr'>unc</span> <span class='ocrx_word' id='word_1_81' title='bbox 553 1298 662 1352; x_wconf 87' lang='lat' dir='ltr'>huc</span> <span class='ocrx_word' id='word_1_82' title='bbox 683 1299 939 1368; x_wconf 87' lang='lat' dir='ltr'>ingentis,</span> <span class='ocrx_word' id='word_1_83' title='bbox 961 1315 1112 1353; x_wconf 85' lang='lat' dir='ltr'>nunc</span> <span class='ocrx_word' id='word_1_84' title='bbox 1131 1298 1263 1352; x_wconf 81' lang='lat' dir='ltr'>illuc</span> <span class='ocrx_word' id='word_1_85' title='bbox 1285 1305 1513 1367; x_wconf 80' lang='lat' dir='ltr'>pectore</span> <span class='ocrx_word' id='word_1_86' title='bbox 1536 1315 1697 1354; x_wconf 75' lang='lat' dir='ltr'>curas</span> <span class='ocrx_word' id='word_1_87' title='bbox 1860 1287 1871 1296; x_wconf 62' lang='grc'><strong><em>’</em></strong></span> <span class='ocrx_word' id='word_1_88' title='bbox 2262 1289 2271 1296; x_wconf 70' lang='grc'><strong>’</strong></span> 
     </span>
     <span class='ocr_line' id='line_1_14' title="bbox 363 1383 1657 1458; baseline 0.002 -19"><span class='ocrx_word' id='word_1_89' title='bbox 363 1383 616 1440; x_wconf 75' lang='lat' dir='ltr'>Mutsbat</span> <span class='ocrx_word' id='word_1_90' title='bbox 639 1401 880 1454; x_wconf 82' lang='lat' dir='ltr'>versans,</span> <span class='ocrx_word' id='word_1_91' title='bbox 909 1385 1178 1440; x_wconf 79' lang='lat' dir='ltr'>Siculisne</span> <span class='ocrx_word' id='word_1_92' title='bbox 1202 1386 1469 1441; x_wconf 79' lang='lat' dir='ltr'>resideret</span> <span class='ocrx_word' id='word_1_93' title='bbox 1492 1389 1657 1458; x_wconf 80' lang='lat' dir='ltr'>arvis,</span> 
     </span>
    </p>

    <p class='ocr_par' dir='ltr' id='par_1_11' title="bbox 365 1470 1641 1541">
     <span class='ocr_line' id='line_1_15' title="bbox 365 1470 1641 1541; baseline 0.003 -15"><span class='ocrx_word' id='word_1_94' title='bbox 365 1472 586 1528; x_wconf 89' lang='lat' dir='ltr'>Oblitus</span> <span class='ocrx_word' id='word_1_95' title='bbox 609 1473 873 1541; x_wconf 77' lang='lat' dir='ltr'>fatorum,</span> <span class='ocrx_word' id='word_1_96' title='bbox 901 1470 1142 1526; x_wconf 75' lang='lat' dir='ltr'>Italasne</span> <span class='ocrx_word' id='word_1_97' title='bbox 1168 1479 1475 1540; x_wconf 78' lang='lat' dir='ltr'>capesseret</span> <span class='ocrx_word' id='word_1_98' title='bbox 1498 1489 1641 1530; x_wconf 78' lang='lat' dir='ltr'>oras.</span> 
     </span>
    </p>

    <p class='ocr_par' dir='ltr' id='par_1_12' title="bbox 363 1558 1645 1626">
     <span class='ocr_line' id='line_1_16' title="bbox 363 1558 1645 1626; baseline 0.003 -14"><span class='ocrx_word' id='word_1_99' title='bbox 363 1558 504 1613; x_wconf 88' lang='lat' dir='ltr'>Tum</span> <span class='ocrx_word' id='word_1_100' title='bbox 529 1559 715 1614; x_wconf 85' lang='lat' dir='ltr'>senior</span> <span class='ocrx_word' id='word_1_101' title='bbox 737 1559 964 1626; x_wconf 77' lang='lat' dir='ltr'>Nautes,</span> <span class='ocrx_word' id='word_1_102' title='bbox 995 1575 1164 1613; x_wconf 88' lang='lat' dir='ltr'>unum</span> <span class='ocrx_word' id='word_1_103' title='bbox 1191 1559 1439 1614; x_wconf 77' lang='lat' dir='ltr'>Tritonia</span> <span class='ocrx_word' id='word_1_104' title='bbox 1465 1560 1645 1616; x_wconf 74' lang='lat' dir='ltr'>Panas</span> 
     </span>
    </p>

    <p class='ocr_par' dir='ltr' id='par_1_13' title="bbox 365 1647 2394 1806">
     <span class='ocr_line' id='line_1_17' title="bbox 365 1647 2394 1720; baseline 0 -18"><span class='ocrx_word' id='word_1_105' title='bbox 365 1647 539 1713; x_wconf 80' lang='lat' dir='ltr'>Quem</span> <span class='ocrx_word' id='word_1_106' title='bbox 563 1648 756 1702; x_wconf 87' lang='lat' dir='ltr'>docuit</span> <span class='ocrx_word' id='word_1_107' title='bbox 777 1649 1062 1718; x_wconf 81' lang='lat' dir='ltr'>multaque</span> <span class='ocrx_word' id='word_1_108' title='bbox 1085 1649 1354 1720; x_wconf 81' lang='lat' dir='ltr'>insignem</span> <span class='ocrx_word' id='word_1_109' title='bbox 1382 1650 1622 1705; x_wconf 80' lang='lat' dir='ltr'>reddidit</span> <span class='ocrx_word' id='word_1_110' title='bbox 1645 1657 1825 1706; x_wconf 80' lang='lat' dir='ltr'>arte—</span> <span class='ocrx_word' id='word_1_111' title='bbox 2221 1661 2237 1672; x_wconf 90' lang='grc'><em>·</em></span> <span class='ocrx_word' id='word_1_112' title='bbox 2291 1649 2394 1707; x_wconf 71' lang='grc'>705</span> 
     </span>
     <span class='ocr_line' id='line_1_18' title="bbox 365 1734 1782 1806; baseline 0.003 -19"><span class='ocrx_word' id='word_1_113' title='bbox 365 1734 514 1788; x_wconf 74' lang='lat' dir='ltr'>Haec</span> <span class='ocrx_word' id='word_1_114' title='bbox 537 1751 802 1804; x_wconf 74' lang='lat' dir='ltr'>responsa</span> <span class='ocrx_word' id='word_1_115' title='bbox 825 1735 1008 1804; x_wconf 78' lang='lat' dir='ltr'>dabat,</span> <span class='ocrx_word' id='word_1_116' title='bbox 1037 1737 1124 1790; x_wconf 77' lang='lat' dir='ltr'>vel</span> <span class='ocrx_word' id='word_1_117' title='bbox 1147 1754 1286 1806; x_wconf 80' lang='lat' dir='ltr'>quse</span> <span class='ocrx_word' id='word_1_118' title='bbox 1309 1738 1671 1806; x_wconf 85' lang='lat' dir='ltr'>portenderet</span> <span class='ocrx_word' id='word_1_119' title='bbox 1695 1740 1782 1791; x_wconf 77' lang='lat' dir='ltr'>irs</span> 
     </span>
    </p>

    <p class='ocr_par' dir='ltr' id='par_1_14' title="bbox 361 1819 1823 1892">
     <span class='ocr_line' id='line_1_19' title="bbox 361 1819 1823 1892; baseline 0.003 -18"><span class='ocrx_word' id='word_1_120' title='bbox 361 1819 566 1890; x_wconf 69' lang='lat' dir='ltr'>Magna</span> <span class='ocrx_word' id='word_1_121' title='bbox 585 1820 766 1890; x_wconf 91' lang='lat' dir='ltr'>deum,</span> <span class='ocrx_word' id='word_1_122' title='bbox 794 1821 883 1876; x_wconf 80' lang='lat' dir='ltr'>vel</span> <span class='ocrx_word' id='word_1_123' title='bbox 907 1839 1050 1891; x_wconf 76' lang='lat' dir='ltr'>quae</span> <span class='ocrx_word' id='word_1_124' title='bbox 1073 1821 1316 1877; x_wconf 74' lang='lat' dir='ltr'>fatorum</span> <span class='ocrx_word' id='word_1_125' title='bbox 1335 1829 1589 1892; x_wconf 82' lang='lat' dir='ltr'>posceret</span> <span class='ocrx_word' id='word_1_126' title='bbox 1614 1823 1823 1878; x_wconf 91' lang='lat' dir='ltr'>ordo—</span> 
     </span>
    </p>

    <p class='ocr_par' dir='ltr' id='par_1_15' title="bbox 362 1909 1554 1978">
     <span class='ocr_line' id='line_1_20' title="bbox 362 1909 1554 1978; baseline 0.007 -16"><span class='ocrx_word' id='word_1_127' title='bbox 362 1909 521 1978; x_wconf 88' lang='lat' dir='ltr'>lsque</span> <span class='ocrx_word' id='word_1_128' title='bbox 545 1909 632 1964; x_wconf 91' lang='lat' dir='ltr'>his</span> <span class='ocrx_word' id='word_1_129' title='bbox 658 1912 886 1966; x_wconf 75' lang='lat' dir='ltr'>Aenean</span> <span class='ocrx_word' id='word_1_130' title='bbox 913 1914 1121 1969; x_wconf 79' lang='lat' dir='ltr'>solatus</span> <span class='ocrx_word' id='word_1_131' title='bbox 1145 1914 1376 1968; x_wconf 80' lang='lat' dir='ltr'>vocibus</span> <span class='ocrx_word' id='word_1_132' title='bbox 1399 1915 1554 1970; x_wconf 89' lang='lat' dir='ltr'>infit:</span> 
     </span>
    </p>

    <p class='ocr_par' dir='ltr' id='par_1_16' title="bbox 365 1998 2035 2073">
     <span class='ocr_line' id='line_1_21' title="bbox 365 1998 2035 2073; baseline 0.002 -21"><span class='ocrx_word' id='word_1_133' title='bbox 365 2000 399 2028; x_wconf 77' lang='lat'>‘⁴</span> <span class='ocrx_word' id='word_1_134' title='bbox 417 1998 562 2054; x_wconf 82' lang='lat' dir='ltr'>Nate</span> <span class='ocrx_word' id='word_1_135' title='bbox 585 2001 704 2070; x_wconf 80' lang='lat' dir='ltr'>dea,</span> <span class='ocrx_word' id='word_1_136' title='bbox 735 2017 846 2071; x_wconf 83' lang='lat' dir='ltr'>quo</span> <span class='ocrx_word' id='word_1_137' title='bbox 870 2001 984 2056; x_wconf 82' lang='lat' dir='ltr'><strong>fata</strong></span> <span class='ocrx_word' id='word_1_138' title='bbox 1006 2002 1239 2056; x_wconf 80' lang='lat' dir='ltr'>trahunt</span> <span class='ocrx_word' id='word_1_139' title='bbox 1261 2002 1680 2073; x_wconf 80' lang='lat' dir='ltr'>retrahuntqne‚</span> <span class='ocrx_word' id='word_1_140' title='bbox 1710 2020 2035 2073; x_wconf 85' lang='lat' dir='ltr'>sequamur;</span> 
     </span>
    </p>

    <p class='ocr_par' dir='ltr' id='par_1_17' title="bbox 359 2084 2391 2248">
     <span class='ocr_line' id='line_1_22' title="bbox 361 2084 2391 2160; baseline 0.002 -21"><span class='ocrx_word' id='word_1_141' title='bbox 361 2084 638 2155; x_wconf 84' lang='lat' dir='ltr'>Quidquid</span> <span class='ocrx_word' id='word_1_142' title='bbox 667 2087 787 2157; x_wconf 89' lang='lat' dir='ltr'>erit,</span> <span class='ocrx_word' id='word_1_143' title='bbox 817 2089 1131 2160; x_wconf 76' lang='lat' dir='ltr'>superanda</span> <span class='ocrx_word' id='word_1_144' title='bbox 1152 2090 1332 2145; x_wconf 88' lang='lat' dir='ltr'>omnis</span> <span class='ocrx_word' id='word_1_145' title='bbox 1356 2091 1588 2145; x_wconf 67' lang='lat' dir='ltr'>fortuna</span> <span class='ocrx_word' id='word_1_146' title='bbox 1612 2090 1843 2145; x_wconf 78' lang='lat' dir='ltr'>ferendo</span> <span class='ocrx_word' id='word_1_147' title='bbox 1867 2097 1966 2144; x_wconf 85' lang='lat' dir='ltr'>est.</span> <span class='ocrx_word' id='word_1_148' title='bbox 2286 2090 2391 2144; x_wconf 82' lang='lat'>&#39;710</span> 
     </span>
     <span class='ocr_line' id='line_1_23' title="bbox 359 2171 1663 2248; baseline 0.005 -23"><span class='ocrx_word' id='word_1_149' title='bbox 359 2171 458 2226; x_wconf 85' lang='lat' dir='ltr'>Est</span> <span class='ocrx_word' id='word_1_150' title='bbox 481 2174 583 2228; x_wconf 88' lang='lat' dir='ltr'>tibi</span> <span class='ocrx_word' id='word_1_151' title='bbox 609 2174 924 2230; x_wconf 78' lang='lat' dir='ltr'>Dardanius</span> <span class='ocrx_word' id='word_1_152' title='bbox 947 2175 1166 2232; x_wconf 80' lang='lat' dir='ltr'>divinae</span> <span class='ocrx_word' id='word_1_153' title='bbox 1191 2178 1379 2248; x_wconf 90' lang='lat' dir='ltr'>stirpis</span> <span class='ocrx_word' id='word_1_154' title='bbox 1404 2179 1663 2233; x_wconf 80' lang='lat' dir='ltr'>Acestes:</span> 
     </span>
    </p>

    <p class='ocr_par' dir='ltr' id='par_1_18' title="bbox 359 2257 1893 2334">
     <span class='ocr_line' id='line_1_24' title="bbox 359 2257 1893 2334; baseline 0.004 -22"><span class='ocrx_word' id='word_1_155' title='bbox 359 2257 522 2314; x_wconf 91' lang='lat' dir='ltr'>Hunc</span> <span class='ocrx_word' id='word_1_156' title='bbox 547 2277 681 2330; x_wconf 82' lang='lat' dir='ltr'>cape</span> <span class='ocrx_word' id='word_1_157' title='bbox 707 2263 946 2316; x_wconf 84' lang='lat' dir='ltr'>consiliis</span> <span class='ocrx_word' id='word_1_158' title='bbox 969 2265 1177 2317; x_wconf 87' lang='lat' dir='ltr'>socium</span> <span class='ocrx_word' id='word_1_159' title='bbox 1207 2270 1263 2319; x_wconf 87' lang='lat' dir='ltr'>et</span> <span class='ocrx_word' id='word_1_160' title='bbox 1287 2266 1561 2334; x_wconf 89' lang='lat' dir='ltr'>coniunge</span> <span class='ocrx_word' id='word_1_161' title='bbox 1586 2265 1893 2328; x_wconf 82' lang='lat' dir='ltr'>volentem;</span> 
     </span>
    </p>

    <p class='ocr_par' dir='ltr' id='par_1_19' title="bbox 361 2345 1866 2420">
     <span class='ocr_line' id='line_1_25' title="bbox 361 2345 1866 2420; baseline 0.004 -22"><span class='ocrx_word' id='word_1_162' title='bbox 361 2345 504 2400; x_wconf 86' lang='lat' dir='ltr'>Huic</span> <span class='ocrx_word' id='word_1_163' title='bbox 529 2348 700 2418; x_wconf 73' lang='lat' dir='ltr'>trade,</span> <span class='ocrx_word' id='word_1_164' title='bbox 731 2351 943 2404; x_wconf 84' lang='lat' dir='ltr'>amissis</span> <span class='ocrx_word' id='word_1_165' title='bbox 967 2357 1226 2419; x_wconf 79' lang='lat' dir='ltr'>superant</span> <span class='ocrx_word' id='word_1_166' title='bbox 1249 2352 1344 2420; x_wconf 88' lang='lat' dir='ltr'>qui</span> <span class='ocrx_word' id='word_1_167' title='bbox 1369 2351 1617 2418; x_wconf 82' lang='lat' dir='ltr'>navibus,</span> <span class='ocrx_word' id='word_1_168' title='bbox 1646 2357 1703 2405; x_wconf 94' lang='lat' dir='ltr'>et</span> <span class='ocrx_word' id='word_1_169' title='bbox 1728 2345 1866 2420; x_wconf 78' lang='lat' dir='ltr'>quos</span> 
     </span>
    </p>

    <p class='ocr_par' dir='ltr' id='par_1_20' title="bbox 359 2430 1826 2507">
     <span class='ocr_line' id='line_1_26' title="bbox 359 2430 1826 2507; baseline 0.005 -22"><span class='ocrx_word' id='word_1_170' title='bbox 359 2430 678 2488; x_wconf 76' lang='lat' dir='ltr'>Pertsesum</span> <span class='ocrx_word' id='word_1_171' title='bbox 703 2437 888 2505; x_wconf 77' lang='lat' dir='ltr'>magni</span> <span class='ocrx_word' id='word_1_172' title='bbox 911 2437 1118 2505; x_wconf 86' lang='lat' dir='ltr'>incepti</span> <span class='ocrx_word' id='word_1_173' title='bbox 1143 2453 1439 2507; x_wconf 86' lang='lat' dir='ltr'>rerumque</span> <span class='ocrx_word' id='word_1_174' title='bbox 1464 2443 1683 2492; x_wconf 74' lang='lat' dir='ltr'>tuarum</span> <span class='ocrx_word' id='word_1_175' title='bbox 1708 2444 1826 2502; x_wconf 74' lang='lat' dir='ltr'>est3</span> 
     </span>
    </p>
   </div>
   <div class='ocr_carea' id='block_1_3' title="bbox 254 2519 2389 2594">
    <p class='ocr_par' dir='ltr' id='par_1_21' title="bbox 254 2519 2389 2594">
     <span class='ocr_line' id='line_1_27' title="bbox 254 2519 2389 2594; baseline 0.002 -21"><span class='ocrx_word' id='word_1_176' title='bbox 254 2581 262 2586; x_wconf 43' lang='grc'>,</span> <span class='ocrx_word' id='word_1_177' title='bbox 358 2519 786 2592; x_wconf 78' lang='lat' dir='ltr'>Longaevosque</span> <span class='ocrx_word' id='word_1_178' title='bbox 811 2540 967 2577; x_wconf 87' lang='lat' dir='ltr'>senes</span> <span class='ocrx_word' id='word_1_179' title='bbox 992 2540 1057 2578; x_wconf 83' lang='lat' dir='ltr'>sc</span> <span class='ocrx_word' id='word_1_180' title='bbox 1085 2523 1257 2578; x_wconf 78' lang='lat' dir='ltr'>fessas</span> <span class='ocrx_word' id='word_1_181' title='bbox 1281 2541 1521 2593; x_wconf 80' lang='lat' dir='ltr'>aequore</span> <span class='ocrx_word' id='word_1_182' title='bbox 1545 2531 1764 2594; x_wconf 81' lang='lat' dir='ltr'>matres,</span> <span class='ocrx_word' id='word_1_183' title='bbox 2286 2526 2389 2581; x_wconf 75' lang='lat'>715</span> 
     </span>
    </p>
   </div>
   <div class='ocr_carea' id='block_1_4' title="bbox 354 2605 2389 3547">
    <p class='ocr_par' dir='ltr' id='par_1_22' title="bbox 354 2605 2389 3547">
     <span class='ocr_line' id='line_1_28' title="bbox 357 2605 1983 2680; baseline 0.002 -20"><span class='ocrx_word' id='word_1_184' title='bbox 357 2605 430 2660; x_wconf 90' lang='lat' dir='ltr'>Et</span> <span class='ocrx_word' id='word_1_185' title='bbox 457 2608 722 2678; x_wconf 87' lang='lat' dir='ltr'>quidquid</span> <span class='ocrx_word' id='word_1_186' title='bbox 745 2614 926 2663; x_wconf 87' lang='lat' dir='ltr'>tecum</span> <span class='ocrx_word' id='word_1_187' title='bbox 953 2609 1256 2664; x_wconf 76' lang='lat' dir='ltr'>invalidum</span> <span class='ocrx_word' id='word_1_188' title='bbox 1283 2617 1644 2680; x_wconf 88' lang='lat' dir='ltr'>metnensque</span> <span class='ocrx_word' id='word_1_189' title='bbox 1667 2609 1857 2678; x_wconf 87' lang='lat' dir='ltr'>pericli</span> <span class='ocrx_word' id='word_1_190' title='bbox 1882 2616 1983 2678; x_wconf 85' lang='lat' dir='ltr'>est,</span> 
     </span>
     <span class='ocr_line' id='line_1_29' title="bbox 355 2692 1787 2764; baseline 0.003 -18"><span class='ocrx_word' id='word_1_191' title='bbox 355 2692 564 2762; x_wconf 77' lang='lat' dir='ltr'>Delige,</span> <span class='ocrx_word' id='word_1_192' title='bbox 593 2700 651 2748; x_wconf 85' lang='lat' dir='ltr'>et</span> <span class='ocrx_word' id='word_1_193' title='bbox 673 2694 762 2748; x_wconf 87' lang='lat' dir='ltr'>his</span> <span class='ocrx_word' id='word_1_194' title='bbox 785 2695 1026 2750; x_wconf 75' lang='lat' dir='ltr'>habeant</span> <span class='ocrx_word' id='word_1_195' title='bbox 1049 2698 1216 2750; x_wconf 87' lang='lat' dir='ltr'>terris</span> <span class='ocrx_word' id='word_1_196' title='bbox 1239 2697 1358 2750; x_wconf 89' lang='lat' dir='ltr'>sine</span> <span class='ocrx_word' id='word_1_197' title='bbox 1382 2697 1603 2751; x_wconf 77' lang='lat' dir='ltr'>moenis</span> <span class='ocrx_word' id='word_1_198' title='bbox 1626 2697 1787 2764; x_wconf 79' lang='lat' dir='ltr'>fessi3</span> 
     </span>
     <span class='ocr_line' id='line_1_30' title="bbox 357 2779 1836 2852; baseline 0.004 -20"><span class='ocrx_word' id='word_1_199' title='bbox 357 2779 562 2834; x_wconf 89' lang='lat' dir='ltr'>Urbem</span> <span class='ocrx_word' id='word_1_200' title='bbox 589 2781 946 2852; x_wconf 77' lang='lat' dir='ltr'>appellabunt</span> <span class='ocrx_word' id='word_1_201' title='bbox 969 2784 1236 2852; x_wconf 87' lang='lat' dir='ltr'>permisso</span> <span class='ocrx_word' id='word_1_202' title='bbox 1261 2785 1491 2838; x_wconf 85' lang='lat' dir='ltr'>nornine</span> <span class='ocrx_word' id='word_1_203' title='bbox 1518 2782 1836 2838; x_wconf 81' lang='lat' dir='ltr'>Acestam.’&#39;</span> 
     </span>
     <span class='ocr_line' id='line_1_31' title="bbox 427 2866 1574 2936; baseline 0.004 -17"><span class='ocrx_word' id='word_1_204' title='bbox 427 2866 648 2922; x_wconf 73' lang='lat' dir='ltr'>Talibus</span> <span class='ocrx_word' id='word_1_205' title='bbox 673 2869 928 2924; x_wconf 88' lang='lat' dir='ltr'>incensus</span> <span class='ocrx_word' id='word_1_206' title='bbox 953 2869 1112 2924; x_wconf 87' lang='lat' dir='ltr'>dictis</span> <span class='ocrx_word' id='word_1_207' title='bbox 1137 2871 1373 2924; x_wconf 84' lang='lat' dir='ltr'>senioris</span> <span class='ocrx_word' id='word_1_208' title='bbox 1396 2871 1574 2936; x_wconf 79' lang='lat' dir='ltr'>amici,</span> 
     </span>
     <span class='ocr_line' id='line_1_32' title="bbox 355 2951 2389 3015; baseline 0.002 -9"><span class='ocrx_word' id='word_1_209' title='bbox 355 2951 494 3006; x_wconf 86' lang='lat' dir='ltr'>Tum</span> <span class='ocrx_word' id='word_1_210' title='bbox 517 2971 648 3009; x_wconf 85' lang='lat' dir='ltr'>vero</span> <span class='ocrx_word' id='word_1_211' title='bbox 673 2955 731 3009; x_wconf 90' lang='lat' dir='ltr'>in</span> <span class='ocrx_word' id='word_1_212' title='bbox 757 2973 916 3010; x_wconf 81' lang='lat' dir='ltr'>curas</span> <span class='ocrx_word' id='word_1_213' title='bbox 939 2958 1124 3010; x_wconf 75' lang='lat' dir='ltr'>animo</span> <span class='ocrx_word' id='word_1_214' title='bbox 1149 2957 1429 3011; x_wconf 87' lang='lat' dir='ltr'>diducitur</span> <span class='ocrx_word' id='word_1_215' title='bbox 1454 2959 1646 3011; x_wconf 88' lang='lat' dir='ltr'>omnis.</span> <span class='ocrx_word' id='word_1_216' title='bbox 2286 2960 2389 3015; x_wconf 74' lang='lat'>720</span> 
     </span>
     <span class='ocr_line' id='line_1_33' title="bbox 355 3040 1681 3112; baseline 0.002 -18"><span class='ocrx_word' id='word_1_217' title='bbox 355 3041 428 3094; x_wconf 84' lang='lat' dir='ltr'>Et</span> <span class='ocrx_word' id='word_1_218' title='bbox 454 3040 582 3096; x_wconf 83' lang='lat' dir='ltr'>Nox</span> <span class='ocrx_word' id='word_1_219' title='bbox 609 3049 729 3096; x_wconf 79' lang='lat' dir='ltr'>atra</span> <span class='ocrx_word' id='word_1_220' title='bbox 751 3041 938 3111; x_wconf 85' lang='lat' dir='ltr'>polum</span> <span class='ocrx_word' id='word_1_221' title='bbox 965 3043 1104 3112; x_wconf 89' lang='lat' dir='ltr'>bigis</span> <span class='ocrx_word' id='word_1_222' title='bbox 1129 3044 1397 3098; x_wconf 78' lang='lat' dir='ltr'>subvecta</span> <span class='ocrx_word' id='word_1_223' title='bbox 1427 3045 1681 3099; x_wconf 81' lang='lat' dir='ltr'>tenebat:</span> 
     </span>
     <span class='ocr_line' id='line_1_34' title="bbox 355 3127 1616 3200; baseline 0.003 -18"><span class='ocrx_word' id='word_1_224' title='bbox 355 3127 496 3182; x_wconf 75' lang='lat' dir='ltr'>Visa</span> <span class='ocrx_word' id='word_1_225' title='bbox 519 3127 716 3182; x_wconf 84' lang='lat' dir='ltr'>dehinc</span> <span class='ocrx_word' id='word_1_226' title='bbox 741 3129 893 3183; x_wconf 78' lang='lat' dir='ltr'>caelo</span> <span class='ocrx_word' id='word_1_227' title='bbox 915 3129 1087 3184; x_wconf 80' lang='lat' dir='ltr'>facies</span> <span class='ocrx_word' id='word_1_228' title='bbox 1123 3129 1346 3200; x_wconf 79' lang='lat' dir='ltr'>delapsa</span> <span class='ocrx_word' id='word_1_229' title='bbox 1370 3133 1616 3200; x_wconf 77' lang='lat' dir='ltr'>parentis</span> 
     </span>
     <span class='ocr_line' id='line_1_35' title="bbox 359 3214 1517 3272; baseline 0.004 -5"><span class='ocrx_word' id='word_1_230' title='bbox 359 3215 632 3269; x_wconf 82' lang='lat' dir='ltr'>Anchisae</span> <span class='ocrx_word' id='word_1_231' title='bbox 657 3215 843 3269; x_wconf 87' lang='lat' dir='ltr'>subito</span> <span class='ocrx_word' id='word_1_232' title='bbox 867 3214 992 3269; x_wconf 83' lang='lat' dir='ltr'>talis</span> <span class='ocrx_word' id='word_1_233' title='bbox 1015 3215 1300 3271; x_wconf 82' lang='lat' dir='ltr'>effundere</span> <span class='ocrx_word' id='word_1_234' title='bbox 1325 3233 1517 3272; x_wconf 83' lang='lat' dir='ltr'>voces:</span> 
     </span>
     <span class='ocr_line' id='line_1_36' title="bbox 359 3299 1801 3371; baseline 0.004 -18"><span class='ocrx_word' id='word_1_235' title='bbox 359 3302 392 3330; x_wconf 79' lang='lat'>‘⁶</span> <span class='ocrx_word' id='word_1_236' title='bbox 413 3299 575 3369; x_wconf 78' lang='lat' dir='ltr'>Nate,</span> <span class='ocrx_word' id='word_1_237' title='bbox 601 3301 740 3354; x_wconf 89' lang='lat' dir='ltr'>mihi</span> <span class='ocrx_word' id='word_1_238' title='bbox 765 3301 882 3355; x_wconf 81' lang='lat' dir='ltr'>vita</span> <span class='ocrx_word' id='word_1_239' title='bbox 903 3302 1198 3371; x_wconf 78' lang='lat' dir='ltr'>quondam,</span> <span class='ocrx_word' id='word_1_240' title='bbox 1227 3303 1360 3358; x_wconf 86' lang='lat' dir='ltr'>dum</span> <span class='ocrx_word' id='word_1_241' title='bbox 1388 3305 1505 3359; x_wconf 79' lang='lat' dir='ltr'>vita</span> <span class='ocrx_word' id='word_1_242' title='bbox 1528 3304 1801 3371; x_wconf 76' lang='lat' dir='ltr'>manebat,</span> 
     </span>
     <span class='ocr_line' id='line_1_37' title="bbox 355 3385 2387 3460; baseline 0.002 -21"><span class='ocrx_word' id='word_1_243' title='bbox 355 3385 497 3440; x_wconf 78' lang='lat' dir='ltr'>Care</span> <span class='ocrx_word' id='word_1_244' title='bbox 521 3387 710 3455; x_wconf 78' lang='lat' dir='ltr'>magis,</span> <span class='ocrx_word' id='word_1_245' title='bbox 737 3391 884 3457; x_wconf 76' lang='lat' dir='ltr'>nate,</span> <span class='ocrx_word' id='word_1_246' title='bbox 913 3387 1096 3444; x_wconf 77' lang='lat' dir='ltr'>Iliacis</span> <span class='ocrx_word' id='word_1_247' title='bbox 1121 3391 1363 3446; x_wconf 85' lang='lat' dir='ltr'>exercite</span> <span class='ocrx_word' id='word_1_248' title='bbox 1388 3392 1537 3460; x_wconf 75' lang='lat' dir='ltr'>fatis,</span> <span class='ocrx_word' id='word_1_249' title='bbox 2282 3389 2387 3448; x_wconf 74' lang='lat'>&#39;125</span> 
     </span>
     <span class='ocr_line' id='line_1_38' title="bbox 354 3469 1719 3547; baseline 0.006 -24"><span class='ocrx_word' id='word_1_250' title='bbox 354 3469 594 3540; x_wconf 85' lang='lat' dir='ltr'>Imperio</span> <span class='ocrx_word' id='word_1_251' title='bbox 620 3471 766 3527; x_wconf 87' lang='lat' dir='ltr'>Iovis</span> <span class='ocrx_word' id='word_1_252' title='bbox 790 3472 898 3528; x_wconf 88' lang='lat' dir='ltr'>huc</span> <span class='ocrx_word' id='word_1_253' title='bbox 923 3475 1100 3544; x_wconf 81' lang='lat' dir='ltr'>venie,</span> <span class='ocrx_word' id='word_1_254' title='bbox 1131 3477 1222 3546; x_wconf 86' lang='lat' dir='ltr'>qui</span> <span class='ocrx_word' id='word_1_255' title='bbox 1249 3477 1511 3534; x_wconf 76' lang='lat' dir='ltr'>classibus</span> <span class='ocrx_word' id='word_1_256' title='bbox 1536 3479 1719 3547; x_wconf 87' lang='lat' dir='ltr'>ignem</span> 
     </span>
    </p>
   </div>
  </div>
 </body>
</html>
