<?xml version="1.0" encoding="UTF-8"?>
<!DOCTYPE html PUBLIC "-//W3C//DTD XHTML 1.0 Transitional//EN"
    "http://www.w3.org/TR/xhtml1/DTD/xhtml1-transitional.dtd">
<html xmlns="http://www.w3.org/1999/xhtml" xml:lang="en" lang="en">
 <head>
  <title>
</title>
<meta http-equiv="Content-Type" content="text/html;charset=utf-8" />
  <meta name='ocr-system' content='tesseract 3.04.00' />
  <meta name='ocr-capabilities' content='ocr_page ocr_carea ocr_par ocr_line ocrx_word'/>
</head>
<body>
  <div class='ocr_page' id='page_1' title='image "arevisedtextpoe01virggoog_0183.png"; bbox 0 0 2725 3892; ppageno 0'>
   <div class='ocr_carea' id='block_1_1' title="bbox 961 235 1748 289">
    <p class='ocr_par' dir='ltr' id='par_1_1' title="bbox 961 235 1748 289">
     <span class='ocr_line' id='line_1_1' title="bbox 961 235 1748 289; baseline 0.001 -3"><span class='ocrx_word' id='word_1_1' title='bbox 961 235 1236 286; x_wconf 80' lang='lat' dir='ltr'>VERGILI</span> <span class='ocrx_word' id='word_1_2' title='bbox 1281 235 1611 286; x_wconf 72' lang='lat' dir='ltr'>AENEIDOS</span> <span class='ocrx_word' id='word_1_3' title='bbox 1656 237 1748 289; x_wconf 88' lang='lat'>111.</span> 
     </span>
    </p>
   </div>
   <div class='ocr_carea' id='block_1_2' title="bbox 331 397 2375 3592">
    <p class='ocr_par' dir='ltr' id='par_1_2' title="bbox 331 397 2375 3592">
     <span class='ocr_line' id='line_1_2' title="bbox 338 397 1733 466; baseline -0.001 -14"><span class='ocrx_word' id='word_1_4' title='bbox 338 397 571 453; x_wconf 77' lang='lat' dir='ltr'><strong>Addixi:</strong></span> <span class='ocrx_word' id='word_1_5' title='bbox 613 399 752 453; x_wconf 88' lang='lat' dir='ltr'><strong>satis</strong></span> <span class='ocrx_word' id='word_1_6' title='bbox 779 402 864 452; x_wconf 89' lang='lat' dir='ltr'><strong>est</strong></span> <span class='ocrx_word' id='word_1_7' title='bbox 886 403 1110 466; x_wconf 78' lang='lat' dir='ltr'><strong>gentem</strong></span> <span class='ocrx_word' id='word_1_8' title='bbox 1136 397 1397 466; x_wconf 76' lang='lat' dir='ltr'><strong>effugisse</strong></span> <span class='ocrx_word' id='word_1_9' title='bbox 1420 397 1733 451; x_wconf 74' lang='lat' dir='ltr'><strong>nefandam.</strong></span> 
     </span>
     <span class='ocr_line' id='line_1_3' title="bbox 341 482 1966 554; baseline -0.001 -13"><span class='ocrx_word' id='word_1_10' title='bbox 341 482 453 541; x_wconf 91' lang='lat' dir='ltr'><strong>Vos</strong></span> <span class='ocrx_word' id='word_1_11' title='bbox 477 487 722 541; x_wconf 81' lang='lat' dir='ltr'><strong>animam</strong></span> <span class='ocrx_word' id='word_1_12' title='bbox 749 485 894 539; x_wconf 88' lang='lat' dir='ltr'><strong>hanc</strong></span> <span class='ocrx_word' id='word_1_13' title='bbox 917 485 1104 554; x_wconf 86' lang='lat' dir='ltr'><strong>potius</strong></span> <span class='ocrx_word' id='word_1_14' title='bbox 1130 499 1476 554; x_wconf 89' lang='lat' dir='ltr'><strong>quocumque</strong></span> <span class='ocrx_word' id='word_1_15' title='bbox 1500 484 1773 539; x_wconf 75' lang='lat' dir='ltr'>absumite</span> <span class='ocrx_word' id='word_1_16' title='bbox 1796 484 1966 540; x_wconf 88' lang='lat' dir='ltr'><strong>leto.&#39;’</strong></span> 
     </span>
     <span class='ocr_line' id='line_1_4' title="bbox 402 571 2370 640; baseline 0.001 -14"><span class='ocrx_word' id='word_1_17' title='bbox 402 571 516 626; x_wconf 85' lang='lat' dir='ltr'><strong>Vix</strong></span> <span class='ocrx_word' id='word_1_18' title='bbox 544 589 612 628; x_wconf 89' lang='lat' dir='ltr'><strong>ea</strong></span> <span class='ocrx_word' id='word_1_19' title='bbox 633 573 788 626; x_wconf 75' lang='lat' dir='ltr'><strong>fatus</strong></span> <span class='ocrx_word' id='word_1_20' title='bbox 813 577 948 640; x_wconf 83' lang='lat' dir='ltr'><strong>erat,</strong></span> <span class='ocrx_word' id='word_1_21' title='bbox 975 587 1190 625; x_wconf 88' lang='lat' dir='ltr'><strong>summo</strong></span> <span class='ocrx_word' id='word_1_22' title='bbox 1213 587 1337 624; x_wconf 88' lang='lat' dir='ltr'><strong>cum</strong></span> <span class='ocrx_word' id='word_1_23' title='bbox 1363 578 1553 626; x_wconf 89' lang='lat' dir='ltr'><strong>monte</strong></span> <span class='ocrx_word' id='word_1_24' title='bbox 1577 571 1828 626; x_wconf 83' lang='lat' dir='ltr'><strong>videmus</strong></span> <span class='ocrx_word' id='word_1_25' title='bbox 2266 575 2370 628; x_wconf 73' lang='lat'><strong>655</strong></span> 
     </span>
     <span class='ocr_line' id='line_1_5' title="bbox 337 657 1739 728; baseline -0.001 -15"><span class='ocrx_word' id='word_1_26' title='bbox 337 657 520 728; x_wconf 85' lang='lat' dir='ltr'><strong>Ipsum</strong></span> <span class='ocrx_word' id='word_1_27' title='bbox 545 661 698 712; x_wconf 87' lang='lat' dir='ltr'><strong>inter</strong></span> <span class='ocrx_word' id='word_1_28' title='bbox 721 657 962 727; x_wconf 86' lang='lat' dir='ltr'><strong>pecudes</strong></span> <span class='ocrx_word' id='word_1_29' title='bbox 986 663 1144 712; x_wconf 85' lang='lat' dir='ltr'><strong>vasta</strong></span> <span class='ocrx_word' id='word_1_30' title='bbox 1168 674 1226 712; x_wconf 85' lang='lat' dir='ltr'><strong>se</strong></span> <span class='ocrx_word' id='word_1_31' title='bbox 1249 658 1396 712; x_wconf 88' lang='lat' dir='ltr'><strong>mole</strong></span> <span class='ocrx_word' id='word_1_32' title='bbox 1420 664 1739 712; x_wconf 83' lang='lat' dir='ltr'><strong>moventem</strong></span> 
     </span>
     <span class='ocr_line' id='line_1_6' title="bbox 337 743 1805 812; baseline -0.002 -13"><span class='ocrx_word' id='word_1_33' title='bbox 337 743 618 799; x_wconf 88' lang='lat' dir='ltr'><strong>Pastorem</strong></span> <span class='ocrx_word' id='word_1_34' title='bbox 643 743 1048 812; x_wconf 80' lang='lat' dir='ltr'>Polyphemum</span> <span class='ocrx_word' id='word_1_35' title='bbox 1074 747 1132 796; x_wconf 92' lang='lat' dir='ltr'><strong>et</strong></span> <span class='ocrx_word' id='word_1_36' title='bbox 1153 743 1322 798; x_wconf 90' lang='lat' dir='ltr'><strong>litora</strong></span> <span class='ocrx_word' id='word_1_37' title='bbox 1345 749 1481 797; x_wconf 88' lang='lat' dir='ltr'><strong>nota</strong></span> <span class='ocrx_word' id='word_1_38' title='bbox 1506 749 1805 812; x_wconf 83' lang='lat' dir='ltr'><strong>petentem,</strong></span> 
     </span>
     <span class='ocr_line' id='line_1_7' title="bbox 337 829 2240 902; baseline 0.002 -18"><span class='ocrx_word' id='word_1_39' title='bbox 337 829 644 885; x_wconf 78' lang='lat' dir='ltr'><strong>Monstrum</strong></span> <span class='ocrx_word' id='word_1_40' title='bbox 670 829 1026 896; x_wconf 77' lang='lat' dir='ltr'><strong>horrendum,</strong></span> <span class='ocrx_word' id='word_1_41' title='bbox 1053 829 1311 897; x_wconf 77' lang='lat' dir='ltr'><strong>interme,</strong></span> <span class='ocrx_word' id='word_1_42' title='bbox 1339 830 1549 898; x_wconf 82' lang='lat' dir='ltr'><strong>ingens,</strong></span> <span class='ocrx_word' id='word_1_43' title='bbox 1578 831 1668 883; x_wconf 88' lang='lat' dir='ltr'><strong>cui</strong></span> <span class='ocrx_word' id='word_1_44' title='bbox 1691 831 1879 886; x_wconf 87' lang='lat' dir='ltr'><strong>lumen</strong></span> <span class='ocrx_word' id='word_1_45' title='bbox 1904 832 2240 902; x_wconf 84' lang='lat' dir='ltr'><strong>ademptum.</strong></span> 
     </span>
     <span class='ocr_line' id='line_1_8' title="bbox 336 913 1678 986; baseline 0 -16"><span class='ocrx_word' id='word_1_46' title='bbox 336 915 553 972; x_wconf 81' lang='lat' dir='ltr'><strong>Trunca</strong></span> <span class='ocrx_word' id='word_1_47' title='bbox 575 933 745 971; x_wconf 89' lang='lat' dir='ltr'><strong>manu</strong></span> <span class='ocrx_word' id='word_1_48' title='bbox 767 916 932 986; x_wconf 87' lang='lat' dir='ltr'><strong>pinus</strong></span> <span class='ocrx_word' id='word_1_49' title='bbox 957 915 1099 984; x_wconf 76' lang='lat' dir='ltr'><strong>regit</strong></span> <span class='ocrx_word' id='word_1_50' title='bbox 1124 921 1182 968; x_wconf 86' lang='lat' dir='ltr'><strong>et</strong></span> <span class='ocrx_word' id='word_1_51' title='bbox 1205 916 1441 982; x_wconf 77' lang='lat' dir='ltr'><strong>vestigia</strong></span> <span class='ocrx_word' id='word_1_52' title='bbox 1464 913 1678 978; x_wconf 81' lang='lat' dir='ltr'><strong>firmat:</strong></span> 
     </span>
     <span class='ocr_line' id='line_1_9' title="bbox 337 1001 2373 1074; baseline 0.001 -16"><span class='ocrx_word' id='word_1_53' title='bbox 337 1003 636 1074; x_wconf 83' lang='lat' dir='ltr'><strong>Lanigerae</strong></span> <span class='ocrx_word' id='word_1_54' title='bbox 661 1005 998 1058; x_wconf 75' lang='lat' dir='ltr'><strong>comitantur</strong></span> <span class='ocrx_word' id='word_1_55' title='bbox 1022 1018 1184 1070; x_wconf 79' lang='lat' dir='ltr'><strong>oves3</strong></span> <span class='ocrx_word' id='word_1_56' title='bbox 1227 1017 1292 1056; x_wconf 84' lang='lat' dir='ltr'><strong>ea</strong></span> <span class='ocrx_word' id='word_1_57' title='bbox 1313 1001 1435 1055; x_wconf 89' lang='lat' dir='ltr'><strong>sola</strong></span> <span class='ocrx_word' id='word_1_58' title='bbox 1460 1003 1717 1072; x_wconf 79' lang='lat' dir='ltr'><strong>voluptas</strong></span> <span class='ocrx_word' id='word_1_59' title='bbox 2268 1010 2373 1060; x_wconf 80' lang='lat'><strong>660</strong></span> 
     </span>
     <span class='ocr_line' id='line_1_10' title="bbox 335 1091 868 1160; baseline -0.002 -16"><span class='ocrx_word' id='word_1_60' title='bbox 335 1091 700 1160; x_wconf 77' lang='lat' dir='ltr'><strong>Solamenque</strong></span> <span class='ocrx_word' id='word_1_61' title='bbox 722 1091 868 1144; x_wconf 82' lang='lat' dir='ltr'><strong>mali.</strong></span> 
     </span>
     <span class='ocr_line' id='line_1_11' title="bbox 331 1175 1873 1249; baseline 0.002 -18"><span class='ocrx_word' id='word_1_62' title='bbox 331 1177 634 1246; x_wconf 81' lang='lat' dir='ltr'><strong>Postquam</strong></span> <span class='ocrx_word' id='word_1_63' title='bbox 660 1177 800 1230; x_wconf 84' lang='lat' dir='ltr'><strong>altos</strong></span> <span class='ocrx_word' id='word_1_64' title='bbox 823 1176 1008 1245; x_wconf 82' lang='lat' dir='ltr'><strong>tetigit</strong></span> <span class='ocrx_word' id='word_1_65' title='bbox 1035 1175 1234 1232; x_wconf 85' lang='lat' dir='ltr'><strong>fluctus</strong></span> <span class='ocrx_word' id='word_1_66' title='bbox 1259 1183 1317 1232; x_wconf 89' lang='lat' dir='ltr'><strong>et</strong></span> <span class='ocrx_word' id='word_1_67' title='bbox 1343 1178 1415 1232; x_wconf 91' lang='lat' dir='ltr'><strong>ad</strong></span> <span class='ocrx_word' id='word_1_68' title='bbox 1442 1195 1681 1249; x_wconf 80' lang='lat' dir='ltr'><strong>aequora</strong></span> <span class='ocrx_word' id='word_1_69' title='bbox 1706 1183 1873 1249; x_wconf 86' lang='lat' dir='ltr'><strong>venit,</strong></span> 
     </span>
     <span class='ocr_line' id='line_1_12' title="bbox 335 1263 1667 1335; baseline 0.003 -19"><span class='ocrx_word' id='word_1_70' title='bbox 335 1263 584 1318; x_wconf 85' lang='lat' dir='ltr'><strong>Luminis</strong></span> <span class='ocrx_word' id='word_1_71' title='bbox 606 1263 794 1318; x_wconf 77' lang='lat' dir='ltr'><strong>effossi</strong></span> <span class='ocrx_word' id='word_1_72' title='bbox 817 1263 1048 1316; x_wconf 84' lang='lat' dir='ltr'><strong>fluidum</strong></span> <span class='ocrx_word' id='word_1_73' title='bbox 1071 1263 1210 1318; x_wconf 81' lang='lat' dir='ltr'><strong>lavit</strong></span> <span class='ocrx_word' id='word_1_74' title='bbox 1238 1265 1371 1320; x_wconf 86' lang='lat' dir='ltr'><strong>inde</strong></span> <span class='ocrx_word' id='word_1_75' title='bbox 1397 1283 1667 1335; x_wconf 85' lang='lat' dir='ltr'><strong>cruorem,</strong></span> 
     </span>
     <span class='ocr_line' id='line_1_13' title="bbox 335 1349 1949 1423; baseline 0.004 -21"><span class='ocrx_word' id='word_1_76' title='bbox 335 1350 608 1406; x_wconf 77' lang='lat' dir='ltr'><strong>Dentibus</strong></span> <span class='ocrx_word' id='word_1_77' title='bbox 629 1349 951 1404; x_wconf 75' lang='lat' dir='ltr'><strong>infrendens</strong></span> <span class='ocrx_word' id='word_1_78' title='bbox 973 1351 1197 1420; x_wconf 78' lang='lat' dir='ltr'><strong>gemitu,</strong></span> <span class='ocrx_word' id='word_1_79' title='bbox 1236 1352 1595 1422; x_wconf 80' lang='lat' dir='ltr'><strong>graditurque</strong></span> <span class='ocrx_word' id='word_1_80' title='bbox 1620 1370 1719 1422; x_wconf 89' lang='lat' dir='ltr'><strong>per</strong></span> <span class='ocrx_word' id='word_1_81' title='bbox 1742 1370 1949 1423; x_wconf 87' lang='lat' dir='ltr'><strong>aequor</strong></span> 
     </span>
     <span class='ocr_line' id='line_1_14' title="bbox 335 1436 2372 1504; baseline 0.004 -14"><span class='ocrx_word' id='word_1_82' title='bbox 335 1437 451 1492; x_wconf 90' lang='lat' dir='ltr'><strong>Iam</strong></span> <span class='ocrx_word' id='word_1_83' title='bbox 474 1436 734 1504; x_wconf 85' lang='lat' dir='ltr'><strong>medium,</strong></span> <span class='ocrx_word' id='word_1_84' title='bbox 761 1437 998 1492; x_wconf 86' lang='lat' dir='ltr'><strong>necdum</strong></span> <span class='ocrx_word' id='word_1_85' title='bbox 1023 1438 1222 1494; x_wconf 88' lang='lat' dir='ltr'><strong>fluctus</strong></span> <span class='ocrx_word' id='word_1_86' title='bbox 1249 1439 1425 1494; x_wconf 85' lang='lat' dir='ltr'><strong>latera</strong></span> <span class='ocrx_word' id='word_1_87' title='bbox 1448 1440 1621 1494; x_wconf 81' lang='lat' dir='ltr'><strong>ardua</strong></span> <span class='ocrx_word' id='word_1_88' title='bbox 1646 1441 1830 1495; x_wconf 85' lang='lat' dir='ltr'><strong>tinxit.</strong></span> <span class='ocrx_word' id='word_1_89' title='bbox 2268 1444 2372 1498; x_wconf 71' lang='lat'><strong>666</strong></span> 
     </span>
     <span class='ocr_line' id='line_1_15' title="bbox 335 1522 1809 1595; baseline 0.001 -17"><span class='ocrx_word' id='word_1_90' title='bbox 335 1522 456 1578; x_wconf 82' lang='lat' dir='ltr'><strong>Nos</strong></span> <span class='ocrx_word' id='word_1_91' title='bbox 478 1523 670 1592; x_wconf 87' lang='lat' dir='ltr'><strong>procul</strong></span> <span class='ocrx_word' id='word_1_92' title='bbox 693 1523 826 1578; x_wconf 89' lang='lat' dir='ltr'><strong>inde</strong></span> <span class='ocrx_word' id='word_1_93' title='bbox 849 1525 1040 1592; x_wconf 77' lang='lat' dir='ltr'><strong>fugam</strong></span> <span class='ocrx_word' id='word_1_94' title='bbox 1069 1526 1270 1594; x_wconf 79' lang='lat' dir='ltr'><strong>trepidi</strong></span> <span class='ocrx_word' id='word_1_95' title='bbox 1297 1526 1555 1594; x_wconf 87' lang='lat' dir='ltr'><strong>celerare,</strong></span> <span class='ocrx_word' id='word_1_96' title='bbox 1584 1531 1809 1595; x_wconf 86' lang='lat' dir='ltr'><strong>recepto</strong></span> 
     </span>
     <span class='ocr_line' id='line_1_16' title="bbox 335 1609 1747 1682; baseline 0.003 -18"><span class='ocrx_word' id='word_1_97' title='bbox 335 1609 590 1680; x_wconf 87' lang='lat' dir='ltr'><strong>Supplice</strong></span> <span class='ocrx_word' id='word_1_98' title='bbox 615 1611 694 1665; x_wconf 82' lang='lat' dir='ltr'><strong>sic</strong></span> <span class='ocrx_word' id='word_1_99' title='bbox 719 1612 936 1680; x_wconf 87' lang='lat' dir='ltr'><strong>merito,</strong></span> <span class='ocrx_word' id='word_1_100' title='bbox 965 1615 1232 1682; x_wconf 85' lang='lat' dir='ltr'><strong>tacitique</strong></span> <span class='ocrx_word' id='word_1_101' title='bbox 1259 1613 1505 1668; x_wconf 83' lang='lat' dir='ltr'><strong>incidere</strong></span> <span class='ocrx_word' id='word_1_102' title='bbox 1528 1615 1747 1680; x_wconf 75' lang='lat' dir='ltr'><strong>funem3</strong></span> 
     </span>
     <span class='ocr_line' id='line_1_17' title="bbox 335 1696 1733 1770; baseline 0.003 -18"><span class='ocrx_word' id='word_1_103' title='bbox 335 1696 626 1752; x_wconf 84' lang='lat' dir='ltr'><strong>Verrimus</strong></span> <span class='ocrx_word' id='word_1_104' title='bbox 649 1703 707 1752; x_wconf 90' lang='lat' dir='ltr'><strong>et</strong></span> <span class='ocrx_word' id='word_1_105' title='bbox 731 1698 892 1768; x_wconf 90' lang='lat' dir='ltr'><strong>proni</strong></span> <span class='ocrx_word' id='word_1_106' title='bbox 921 1701 1262 1754; x_wconf 70' lang='lat' dir='ltr'><strong>certantibus</strong></span> <span class='ocrx_word' id='word_1_107' title='bbox 1288 1717 1529 1770; x_wconf 83' lang='lat' dir='ltr'><strong>aequora</strong></span> <span class='ocrx_word' id='word_1_108' title='bbox 1550 1701 1733 1756; x_wconf 84' lang='lat' dir='ltr'><strong>remis.</strong></span> 
     </span>
     <span class='ocr_line' id='line_1_18' title="bbox 335 1783 1629 1857; baseline 0.002 -18"><span class='ocrx_word' id='word_1_109' title='bbox 335 1783 536 1854; x_wconf 85' lang='lat' dir='ltr'><strong>Sensit,</strong></span> <span class='ocrx_word' id='word_1_110' title='bbox 565 1789 622 1840; x_wconf 91' lang='lat' dir='ltr'><strong>et</strong></span> <span class='ocrx_word' id='word_1_111' title='bbox 645 1784 714 1840; x_wconf 86' lang='lat' dir='ltr'><strong>ad</strong></span> <span class='ocrx_word' id='word_1_112' title='bbox 741 1786 985 1839; x_wconf 89' lang='lat' dir='ltr'><strong>sonitum</strong></span> <span class='ocrx_word' id='word_1_113' title='bbox 1013 1788 1168 1857; x_wconf 51' lang='lat' dir='ltr'><strong>uocis</strong></span> <span class='ocrx_word' id='word_1_114' title='bbox 1193 1787 1429 1855; x_wconf 79' lang='lat' dir='ltr'><strong>vestigia</strong></span> <span class='ocrx_word' id='word_1_115' title='bbox 1452 1789 1629 1842; x_wconf 89' lang='lat' dir='ltr'><strong>torsit.</strong></span> 
     </span>
     <span class='ocr_line' id='line_1_19' title="bbox 335 1850 2375 1959; baseline 0.002 -31"><span class='ocrx_word' id='word_1_116' title='bbox 335 1873 544 1930; x_wconf 87' lang='lat' dir='ltr'><strong>Verum</strong></span> <span class='ocrx_word' id='word_1_117' title='bbox 571 1871 664 1932; x_wconf 84' lang='lat' dir='ltr'><strong>ubi</strong></span> <span class='ocrx_word' id='word_1_118' title='bbox 692 1865 856 1959; x_wconf 57' lang='lat' dir='ltr'><strong>nulla}</strong></span> <span class='ocrx_word' id='word_1_119' title='bbox 868 1875 1002 1930; x_wconf 87' lang='lat' dir='ltr'><strong>datu</strong></span> <span class='ocrx_word' id='word_1_120' title='bbox 1027 1872 1035 1883; x_wconf 89' lang='grc'><em>”</em></span> <span class='ocrx_word' id='word_1_121' title='bbox 1056 1850 1258 1933; x_wconf 51' lang='lat' dir='ltr'><strong>dextra!</strong></span> <span class='ocrx_word' id='word_1_122' title='bbox 1274 1873 1555 1930; x_wconf 70' lang='lat' dir='ltr'><strong>adfectare</strong></span> <span class='ocrx_word' id='word_1_123' title='bbox 1578 1879 1837 1944; x_wconf 83' lang='lat' dir='ltr'><strong>potestas,</strong></span> <span class='ocrx_word' id='word_1_124' title='bbox 2174 1883 2181 1890; x_wconf 80' lang='lat'>‘</span> <span class='ocrx_word' id='word_1_125' title='bbox 2268 1877 2375 1934; x_wconf 69' lang='lat'><strong>670</strong></span> 
     </span>
     <span class='ocr_line' id='line_1_20' title="bbox 335 1952 1641 2032; baseline 0 -16"><span class='ocrx_word' id='word_1_126' title='bbox 335 1959 454 2016; x_wconf 79' lang='lat' dir='ltr'><strong>Nec</strong></span> <span class='ocrx_word' id='word_1_127' title='bbox 476 1963 626 2032; x_wconf 84' lang='lat' dir='ltr'><strong>potis</strong></span> <span class='ocrx_word' id='word_1_128' title='bbox 648 1961 836 2016; x_wconf 83' lang='lat' dir='ltr'><strong>Ionios</strong></span> <span class='ocrx_word' id='word_1_129' title='bbox 860 1960 992 2016; x_wconf 85' lang='lat' dir='ltr'><strong>fluct</strong></span> <span class='ocrx_word' id='word_1_130' title='bbox 1031 1979 1058 2016; x_wconf 91' lang='lat' dir='ltr'><strong>s</strong></span> <span class='ocrx_word' id='word_1_131' title='bbox 1083 1952 1320 2030; x_wconf 61' lang='lat' dir='ltr'><strong>aequare</strong></span> <span class='ocrx_word' id='word_1_132' title='bbox 1345 1961 1641 2031; x_wconf 87' lang='lat' dir='ltr'><strong>sequendo,</strong></span> 
     </span>
     <span class='ocr_line' id='line_1_21' title="bbox 335 2047 1849 2116; baseline 0 -14"><span class='ocrx_word' id='word_1_133' title='bbox 335 2047 644 2103; x_wconf 85' lang='lat' dir='ltr'><strong>Clamorem</strong></span> <span class='ocrx_word' id='word_1_134' title='bbox 667 2047 996 2102; x_wconf 87' lang='lat' dir='ltr'><strong>immensum</strong></span> <span class='ocrx_word' id='word_1_135' title='bbox 1023 2047 1184 2114; x_wconf 85' lang='lat' dir='ltr'><strong>tollit,</strong></span> <span class='ocrx_word' id='word_1_136' title='bbox 1213 2063 1322 2116; x_wconf 87' lang='lat' dir='ltr'><strong>quo</strong></span> <span class='ocrx_word' id='word_1_137' title='bbox 1343 2053 1551 2116; x_wconf 88' lang='lat' dir='ltr'><strong>pontus</strong></span> <span class='ocrx_word' id='word_1_138' title='bbox 1574 2055 1631 2101; x_wconf 92' lang='lat' dir='ltr'><strong>et</strong></span> <span class='ocrx_word' id='word_1_139' title='bbox 1656 2064 1849 2102; x_wconf 85' lang='lat' dir='ltr'><strong>omnes</strong></span> 
     </span>
     <span class='ocr_line' id='line_1_22' title="bbox 335 2131 1793 2200; baseline 0 -14"><span class='ocrx_word' id='word_1_140' title='bbox 335 2131 732 2186; x_wconf 87' lang='lat' dir='ltr'><strong>Contremuere</strong></span> <span class='ocrx_word' id='word_1_141' title='bbox 755 2131 952 2200; x_wconf 88' lang='lat' dir='ltr'><strong>undae,</strong></span> <span class='ocrx_word' id='word_1_142' title='bbox 979 2131 1311 2200; x_wconf 74' lang='lat' dir='ltr'><strong>penitusque</strong></span> <span class='ocrx_word' id='word_1_143' title='bbox 1335 2131 1604 2186; x_wconf 84' lang='lat' dir='ltr'><strong>exterrita</strong></span> <span class='ocrx_word' id='word_1_144' title='bbox 1630 2131 1793 2186; x_wconf 86' lang='lat' dir='ltr'><strong>tellus</strong></span> 
     </span>
     <span class='ocr_line' id='line_1_23' title="bbox 335 2217 1666 2290; baseline -0.001 -17"><span class='ocrx_word' id='word_1_145' title='bbox 335 2217 542 2289; x_wconf 84' lang='lat' dir='ltr'><strong>Italiae,</strong></span> <span class='ocrx_word' id='word_1_146' title='bbox 573 2222 861 2290; x_wconf 81' lang='lat' dir='ltr'><strong>curvisque</strong></span> <span class='ocrx_word' id='word_1_147' title='bbox 885 2218 1164 2288; x_wconf 82' lang='lat' dir='ltr'><strong>immugiit</strong></span> <span class='ocrx_word' id='word_1_148' title='bbox 1193 2217 1377 2272; x_wconf 80' lang='lat' dir='ltr'><strong>Aetna</strong></span> <span class='ocrx_word' id='word_1_149' title='bbox 1398 2219 1666 2272; x_wconf 84' lang='lat' dir='ltr'><strong>cavernis.</strong></span> 
     </span>
     <span class='ocr_line' id='line_1_24' title="bbox 333 2304 2373 2377; baseline 0.001 -17"><span class='ocrx_word' id='word_1_150' title='bbox 333 2306 417 2361; x_wconf 82' lang='lat' dir='ltr'><strong>At</strong></span> <span class='ocrx_word' id='word_1_151' title='bbox 439 2325 612 2377; x_wconf 80' lang='lat' dir='ltr'><strong>genus</strong></span> <span class='ocrx_word' id='word_1_152' title='bbox 635 2325 666 2362; x_wconf 93' lang='lat' dir='ltr'><strong>e</strong></span> <span class='ocrx_word' id='word_1_153' title='bbox 689 2309 840 2363; x_wconf 85' lang='lat' dir='ltr'><strong>silvis</strong></span> <span class='ocrx_word' id='word_1_154' title='bbox 865 2307 1172 2375; x_wconf 79' lang='lat' dir='ltr'><strong>Cyclopum</strong></span> <span class='ocrx_word' id='word_1_155' title='bbox 1197 2309 1258 2360; x_wconf 87' lang='lat' dir='ltr'><strong>et</strong></span> <span class='ocrx_word' id='word_1_156' title='bbox 1281 2305 1564 2359; x_wconf 84' lang='lat' dir='ltr'><strong>montibus</strong></span> <span class='ocrx_word' id='word_1_157' title='bbox 1588 2304 1715 2360; x_wconf 85' lang='lat' dir='ltr'><strong>altis</strong></span> <span class='ocrx_word' id='word_1_158' title='bbox 2266 2307 2373 2364; x_wconf 68' lang='lat' dir='ltr'><strong>ew</strong></span> 
     </span>
     <span class='ocr_line' id='line_1_25' title="bbox 333 2391 1641 2464; baseline 0 -17"><span class='ocrx_word' id='word_1_159' title='bbox 333 2391 590 2448; x_wconf 84' lang='lat' dir='ltr'><strong>Excitum</strong></span> <span class='ocrx_word' id='word_1_160' title='bbox 620 2396 732 2449; x_wconf 88' lang='lat' dir='ltr'><strong>ruit</strong></span> <span class='ocrx_word' id='word_1_161' title='bbox 755 2395 826 2450; x_wconf 87' lang='lat' dir='ltr'><strong>ad</strong></span> <span class='ocrx_word' id='word_1_162' title='bbox 849 2399 1046 2464; x_wconf 89' lang='lat' dir='ltr'><strong>portus</strong></span> <span class='ocrx_word' id='word_1_163' title='bbox 1071 2397 1129 2446; x_wconf 91' lang='lat' dir='ltr'><strong>et</strong></span> <span class='ocrx_word' id='word_1_164' title='bbox 1149 2392 1320 2446; x_wconf 88' lang='lat' dir='ltr'><strong>litora</strong></span> <span class='ocrx_word' id='word_1_165' title='bbox 1343 2391 1641 2461; x_wconf 84' lang='lat' dir='ltr'><strong>complent.</strong></span> 
     </span>
     <span class='ocr_line' id='line_1_26' title="bbox 335 2479 1655 2550; baseline -0.002 -16"><span class='ocrx_word' id='word_1_166' title='bbox 335 2479 626 2535; x_wconf 79' lang='lat' dir='ltr'><strong>Cernimus</strong></span> <span class='ocrx_word' id='word_1_167' title='bbox 648 2482 878 2536; x_wconf 83' lang='lat' dir='ltr'><strong>astantis</strong></span> <span class='ocrx_word' id='word_1_168' title='bbox 899 2483 1231 2550; x_wconf 86' lang='lat' dir='ltr'><strong>nequiquam</strong></span> <span class='ocrx_word' id='word_1_169' title='bbox 1256 2479 1467 2533; x_wconf 88' lang='lat' dir='ltr'><strong>lumine</strong></span> <span class='ocrx_word' id='word_1_170' title='bbox 1489 2483 1655 2532; x_wconf 85' lang='lat' dir='ltr'><strong>torvo</strong></span> 
     </span>
     <span class='ocr_line' id='line_1_27' title="bbox 333 2565 1649 2637; baseline -0.001 -17"><span class='ocrx_word' id='word_1_171' title='bbox 333 2565 618 2623; x_wconf 81' lang='lat' dir='ltr'><strong>Aetnaeos</strong></span> <span class='ocrx_word' id='word_1_172' title='bbox 643 2569 862 2637; x_wconf 76' lang='lat' dir='ltr'><strong>fratres,</strong></span> <span class='ocrx_word' id='word_1_173' title='bbox 891 2567 1044 2623; x_wconf 83' lang='lat' dir='ltr'><strong>caelo</strong></span> <span class='ocrx_word' id='word_1_174' title='bbox 1063 2567 1248 2636; x_wconf 87' lang='lat' dir='ltr'><strong>capita</strong></span> <span class='ocrx_word' id='word_1_175' title='bbox 1271 2565 1385 2621; x_wconf 86' lang='lat' dir='ltr'><strong>alta</strong></span> <span class='ocrx_word' id='word_1_176' title='bbox 1406 2566 1649 2634; x_wconf 85' lang='lat' dir='ltr'><strong>ferentis,</strong></span> 
     </span>
     <span class='ocr_line' id='line_1_28' title="bbox 335 2651 1819 2724; baseline 0.001 -15"><span class='ocrx_word' id='word_1_177' title='bbox 335 2651 642 2709; x_wconf 86' lang='lat' dir='ltr'><strong>Concilium</strong></span> <span class='ocrx_word' id='word_1_178' title='bbox 664 2653 1033 2710; x_wconf 88' lang='lat' dir='ltr'><strong>horrendum:</strong></span> <span class='ocrx_word' id='word_1_179' title='bbox 1075 2653 1264 2724; x_wconf 85' lang='lat' dir='ltr'><strong>quales</strong></span> <span class='ocrx_word' id='word_1_180' title='bbox 1287 2669 1415 2708; x_wconf 87' lang='lat' dir='ltr'><strong>cum</strong></span> <span class='ocrx_word' id='word_1_181' title='bbox 1440 2653 1649 2708; x_wconf 83' lang='lat' dir='ltr'><strong>vertice</strong></span> <span class='ocrx_word' id='word_1_182' title='bbox 1670 2653 1819 2710; x_wconf 83' lang='lat' dir='ltr'><strong>celso</strong></span> 
     </span>
     <span class='ocr_line' id='line_1_29' title="bbox 333 2741 2373 2812; baseline 0.002 -18"><span class='ocrx_word' id='word_1_183' title='bbox 333 2741 534 2796; x_wconf 72' lang='lat' dir='ltr'><strong>Aeriae</strong></span> <span class='ocrx_word' id='word_1_184' title='bbox 560 2757 808 2812; x_wconf 88' lang='lat' dir='ltr'><strong>quercus,</strong></span> <span class='ocrx_word' id='word_1_185' title='bbox 838 2748 936 2796; x_wconf 84' lang='lat' dir='ltr'><strong>aut</strong></span> <span class='ocrx_word' id='word_1_186' title='bbox 959 2743 1242 2798; x_wconf 74' lang='lat' dir='ltr'><strong>coniferae</strong></span> <span class='ocrx_word' id='word_1_187' title='bbox 1269 2742 1537 2812; x_wconf 73' lang='lat' dir='ltr'><strong>cyparissi</strong></span> <span class='ocrx_word' id='word_1_188' title='bbox 2266 2743 2373 2798; x_wconf 75' lang='lat'><strong>68⁰</strong></span> 
     </span>
     <span class='ocr_line' id='line_1_30' title="bbox 336 2827 1739 2898; baseline 0.001 -16"><span class='ocrx_word' id='word_1_189' title='bbox 336 2827 736 2898; x_wconf 77' lang='lat' dir='ltr'><strong>Constiterant,</strong></span> <span class='ocrx_word' id='word_1_190' title='bbox 763 2829 904 2884; x_wconf 81' lang='lat' dir='ltr'><strong>silva</strong></span> <span class='ocrx_word' id='word_1_191' title='bbox 927 2829 1042 2886; x_wconf 87' lang='lat' dir='ltr'><strong>alta</strong></span> <span class='ocrx_word' id='word_1_192' title='bbox 1065 2830 1229 2898; x_wconf 82' lang='lat' dir='ltr'><strong>Iovis,</strong></span> <span class='ocrx_word' id='word_1_193' title='bbox 1257 2831 1485 2885; x_wconf 85' lang='lat' dir='ltr'><strong>lucusve</strong></span> <span class='ocrx_word' id='word_1_194' title='bbox 1508 2828 1739 2884; x_wconf 78' lang='lat' dir='ltr'><strong>Dianae.</strong></span> 
     </span>
     <span class='ocr_line' id='line_1_31' title="bbox 333 2913 1795 2987; baseline 0.001 -18"><span class='ocrx_word' id='word_1_195' title='bbox 333 2913 660 2986; x_wconf 84' lang='lat' dir='ltr'><strong>Praecipitis</strong></span> <span class='ocrx_word' id='word_1_196' title='bbox 683 2923 862 2971; x_wconf 87' lang='lat' dir='ltr'><strong>metus</strong></span> <span class='ocrx_word' id='word_1_197' title='bbox 885 2933 1012 2971; x_wconf 85' lang='lat' dir='ltr'><strong>acer</strong></span> <span class='ocrx_word' id='word_1_198' title='bbox 1035 2918 1150 2985; x_wconf 81' lang='lat' dir='ltr'><strong>agit</strong></span> <span class='ocrx_word' id='word_1_199' title='bbox 1174 2933 1520 2987; x_wconf 88' lang='lat' dir='ltr'><strong>quocumque</strong></span> <span class='ocrx_word' id='word_1_200' title='bbox 1544 2915 1795 2970; x_wconf 86' lang='lat' dir='ltr'><strong>rudentis</strong></span> 
     </span>
     <span class='ocr_line' id='line_1_32' title="bbox 333 2999 1676 3070; baseline 0.002 -15"><span class='ocrx_word' id='word_1_201' title='bbox 333 2999 621 3070; x_wconf 81' lang='lat' dir='ltr'><strong>Excutere,</strong></span> <span class='ocrx_word' id='word_1_202' title='bbox 651 3008 709 3057; x_wconf 92' lang='lat' dir='ltr'><strong>et</strong></span> <span class='ocrx_word' id='word_1_203' title='bbox 732 3003 916 3058; x_wconf 83' lang='lat' dir='ltr'><strong>ventis</strong></span> <span class='ocrx_word' id='word_1_204' title='bbox 941 3002 1231 3057; x_wconf 89' lang='lat' dir='ltr'><strong>intendere</strong></span> <span class='ocrx_word' id='word_1_205' title='bbox 1254 3003 1382 3058; x_wconf 81' lang='lat' dir='ltr'><strong>vela</strong></span> <span class='ocrx_word' id='word_1_206' title='bbox 1406 3003 1676 3058; x_wconf 88' lang='lat' dir='ltr'><strong>secundis.</strong></span> 
     </span>
     <span class='ocr_line' id='line_1_33' title="bbox 335 3088 2041 3160; baseline 0.001 -17"><span class='ocrx_word' id='word_1_207' title='bbox 335 3088 544 3146; x_wconf 83' lang='lat' dir='ltr'><strong>Contra</strong></span> <span class='ocrx_word' id='word_1_208' title='bbox 565 3089 718 3144; x_wconf 83' lang='lat' dir='ltr'><strong>iussa</strong></span> <span class='ocrx_word' id='word_1_209' title='bbox 740 3095 970 3144; x_wconf 89' lang='lat' dir='ltr'><strong>monent</strong></span> <span class='ocrx_word' id='word_1_210' title='bbox 993 3089 1212 3158; x_wconf 85' lang='lat' dir='ltr'><strong>Heleni,</strong></span> <span class='ocrx_word' id='word_1_211' title='bbox 1241 3089 1483 3157; x_wconf 78' lang='lat' dir='ltr'><strong>Scyllam</strong></span> <span class='ocrx_word' id='word_1_212' title='bbox 1508 3095 1675 3160; x_wconf 89' lang='lat' dir='ltr'><strong>atque</strong></span> <span class='ocrx_word' id='word_1_213' title='bbox 1698 3089 2041 3159; x_wconf 81' lang='lat' dir='ltr'><strong>Charybdim</strong></span> 
     </span>
     <span class='ocr_line' id='line_1_34' title="bbox 333 3173 2371 3246; baseline -0.001 -18"><span class='ocrx_word' id='word_1_214' title='bbox 333 3173 486 3230; x_wconf 87' lang='lat' dir='ltr'><strong>Inter</strong></span> <span class='ocrx_word' id='word_1_215' title='bbox 507 3182 804 3244; x_wconf 84' lang='lat' dir='ltr'><strong>utramque</strong></span> <span class='ocrx_word' id='word_1_216' title='bbox 826 3175 974 3230; x_wconf 76' lang='lat' dir='ltr'><strong>viam</strong></span> <span class='ocrx_word' id='word_1_217' title='bbox 997 3175 1094 3230; x_wconf 86' lang='lat' dir='ltr'><strong>leti</strong></span> <span class='ocrx_word' id='word_1_218' title='bbox 1119 3176 1437 3232; x_wconf 87' lang='lat' dir='ltr'><strong>discrimine</strong></span> <span class='ocrx_word' id='word_1_219' title='bbox 1462 3193 1635 3246; x_wconf 71' lang='lat' dir='ltr'><strong>parvo</strong></span> <span class='ocrx_word' id='word_1_220' title='bbox 2268 3175 2371 3227; x_wconf 80' lang='grc'><strong>685</strong></span> 
     </span>
     <span class='ocr_line' id='line_1_35' title="bbox 331 3259 1816 3319; baseline 0.002 -3"><span class='ocrx_word' id='word_1_221' title='bbox 331 3259 386 3316; x_wconf 77' lang='lat' dir='ltr'>N</span> <span class='ocrx_word' id='word_1_222' title='bbox 389 3263 408 3316; x_wconf 95' lang='lat' dir='ltr'><strong>i</strong></span> <span class='ocrx_word' id='word_1_223' title='bbox 431 3267 662 3317; x_wconf 87' lang='lat' dir='ltr'><strong>teneant</strong></span> <span class='ocrx_word' id='word_1_224' title='bbox 689 3268 1159 3316; x_wconf 84' lang='lat' dir='ltr'><strong>cursus—certum</strong></span> <span class='ocrx_word' id='word_1_225' title='bbox 1183 3269 1269 3317; x_wconf 89' lang='lat' dir='ltr'><strong>est</strong></span> <span class='ocrx_word' id='word_1_226' title='bbox 1293 3263 1427 3318; x_wconf 87' lang='lat' dir='ltr'><strong>dare</strong></span> <span class='ocrx_word' id='word_1_227' title='bbox 1450 3264 1624 3317; x_wconf 84' lang='lat' dir='ltr'><strong>lintea</strong></span> <span class='ocrx_word' id='word_1_228' title='bbox 1645 3268 1816 3319; x_wconf 86' lang='lat' dir='ltr'><strong>retro.</strong></span> 
     </span>
     <span class='ocr_line' id='line_1_36' title="bbox 331 3347 1645 3418; baseline -0.002 -13"><span class='ocrx_word' id='word_1_229' title='bbox 331 3347 476 3405; x_wconf 81' lang='lat' dir='ltr'><strong>Ecce</strong></span> <span class='ocrx_word' id='word_1_230' title='bbox 500 3355 690 3404; x_wconf 85' lang='lat' dir='ltr'><strong>autem</strong></span> <span class='ocrx_word' id='word_1_231' title='bbox 719 3347 926 3402; x_wconf 86' lang='lat' dir='ltr'><strong>Boreas</strong></span> <span class='ocrx_word' id='word_1_232' title='bbox 949 3357 1184 3418; x_wconf 82' lang='lat' dir='ltr'><strong>angusta</strong></span> <span class='ocrx_word' id='word_1_233' title='bbox 1209 3350 1278 3404; x_wconf 88' lang='lat' dir='ltr'><strong>ab</strong></span> <span class='ocrx_word' id='word_1_234' title='bbox 1303 3351 1435 3404; x_wconf 88' lang='lat' dir='ltr'><strong>sede</strong></span> <span class='ocrx_word' id='word_1_235' title='bbox 1460 3349 1645 3403; x_wconf 85' lang='lat' dir='ltr'><strong>Pelori</strong></span> 
     </span>
     <span class='ocr_line' id='line_1_37' title="bbox 331 3433 1703 3504; baseline -0.001 -14"><span class='ocrx_word' id='word_1_236' title='bbox 331 3433 528 3491; x_wconf 77' lang='lat' dir='ltr'><strong>Missus</strong></span> <span class='ocrx_word' id='word_1_237' title='bbox 555 3434 732 3490; x_wconf 84' lang='lat' dir='ltr'><strong>adest.</strong></span> <span class='ocrx_word' id='word_1_238' title='bbox 807 3433 956 3488; x_wconf 83' lang='lat' dir='ltr'><strong>Vivo</strong></span> <span class='ocrx_word' id='word_1_239' title='bbox 981 3435 1377 3504; x_wconf 82' lang='lat' dir='ltr'><strong>praetervehor</strong></span> <span class='ocrx_word' id='word_1_240' title='bbox 1401 3435 1543 3489; x_wconf 84' lang='lat' dir='ltr'><strong>ostia</strong></span> <span class='ocrx_word' id='word_1_241' title='bbox 1566 3451 1703 3488; x_wconf 82' lang='lat' dir='ltr'><strong>saxo</strong></span> 
     </span>
     <span class='ocr_line' id='line_1_38' title="bbox 331 3517 1923 3592; baseline -0.001 -16"><span class='ocrx_word' id='word_1_242' title='bbox 331 3519 638 3592; x_wconf 74' lang='lat' dir='ltr'><strong>Pantagiae</strong></span> <span class='ocrx_word' id='word_1_243' title='bbox 662 3517 1022 3589; x_wconf 74' lang='lat' dir='ltr'><strong>Megarosque</strong></span> <span class='ocrx_word' id='word_1_244' title='bbox 1047 3521 1197 3574; x_wconf 86' lang='lat' dir='ltr'><strong>sinus</strong></span> <span class='ocrx_word' id='word_1_245' title='bbox 1221 3519 1609 3589; x_wconf 85' lang='lat' dir='ltr'><strong>Thapsumque</strong></span> <span class='ocrx_word' id='word_1_246' title='bbox 1632 3520 1923 3575; x_wconf 83' lang='lat' dir='ltr'><strong>iacentem.</strong></span> 
     </span>
    </p>
   </div>
  </div>
 </body>
</html>
