2725 3892
997 193 1274 245 VERGILI
1319 189 1649 242 nmmos
1694 189 1761 242 11.

367 360 743 429 Ascaniusque
768 357 1056 427 omnisque
1079 355 1292 422 domus,
1319 370 1395 408 ne
1418 357 1637 407 vertere
1660 367 1846 406 secum

366 449 580 504 Cuncta
603 452 763 516 pater
786 445 1013 514 fatoque
1041 441 1258 512 urgenti
1281 440 1607 495 incumbere
1633 437 1819 493 vellet.

367 535 642 602 Abnegat,
669 533 1004 600 inceptoque
1029 533 1087 584 et
1109 528 1334 583 sedibus
1355 526 1548 580 haeret
1572 525 1633 578 in
1655 523 1847 578 isdem.

365 621 577 676 Rursus
599 622 658 674 in
685 635 840 673 arma
861 618 1029 685 feror,
1059 621 1407 684 mortemque
1430 611 1771 668 miserrimus
1790 614 1942 680 opto,

367 708 512 764 Nam
537 707 684 777 quod
709 704 999 760 consilium
1022 708 1120 758 aut
1145 717 1285 772 quae
1315 701 1427 756 iam
1451 700 1683 754 fortuna
1704 697 1977 752 dabatur?

369 799 404 826 ‘⁴
423 795 585 850 Mene
611 795 805 849 efferre
829 791 1046 861 pedem,
1077 789 1314 859 genitor,
1342 792 1403 841 te
1426 802 1587 857 posse
1610 784 1805 840 relicto

367 882 626 952 Sperasti,
655 886 984 948 tantumque
1007 876 1170 932 netas
1196 874 1383 945 patrio
1408 873 1615 928 excidit
1636 872 1775 926 orei

366 969 424 1024 Si
449 969 587 1024 nihil
611 986 681 1024 ex
705 973 863 1023 tants
884 965 1111 1036 Superis
1140 962 1324 1032 placet
1351 961 1491 1016 urbe
1514 957 1766 1028 relinqui,

250 1123 256 1128 ¹
363 1057 439 1112 Et
463 1057 617 1112 sedet
639 1057 746 1111 hoc
772 1055 973 1121 anime,
1001 1051 1387 1122 perituraeque
1420 1046 1621 1101 addere
1645 1045 1843 1100 Troiae

366 1145 548 1214 Teque
571 1149 804 1212 tuosque
827 1141 996 1208 iuvat,
1024 1143 1182 1208 patet
1205 1136 1296 1190 isti
1325 1135 1492 1188 ianua
1513 1132 1657 1198 leto;

365 1231 592 1301 Iamque
617 1229 798 1284 aderit
821 1226 998 1283 multo
1021 1225 1230 1280 Priami
1255 1222 1326 1276 de
1349 1219 1616 1288 sanguine
1640 1217 1905 1288 Pyrrhus,

366 1318 575 1374 Natum
601 1322 732 1372 ante
757 1333 858 1370 ora
878 1313 1068 1384 patris,
1097 1317 1313 1381 patrem
1345 1307 1441 1378 qui
1468 1306 1765 1361 obtruncat
1788 1305 1857 1360 ad
1882 1321 2023 1360 aras.

368 1405 490 1460 Hoc
513 1409 649 1472 erat,
677 1403 820 1458 alma
843 1417 1057 1471 pareus,
1087 1397 1238 1468 quod
1263 1411 1354 1450 me
1378 1410 1481 1464 per
1509 1392 1637 1462 tela,
1662 1407 1765 1461 per
1788 1391 1933 1461 ignis

365 1491 566 1562 Eripis,
592 1495 656 1546 ut
681 1489 876 1544 mediis
899 1489 1120 1544 hostem
1141 1487 1203 1542 in
1229 1483 1619 1557 penetralibus,
1654 1483 1823 1549 utque

365 1579 664 1633 Ascanium
691 1581 1012 1646 patremque
1035 1590 1219 1628 meum
1244 1574 1511 1642 iuxtaque
1542 1567 1805 1622 Creusam

366 1665 622 1719 Alterum
652 1665 712 1718 in
735 1662 962 1717 alterius
984 1666 1256 1716 mactatos
1279 1661 1543 1729 sanguine
1574 1657 1836 1714 cernam!

367 1752 559 1816 Arma,
586 1749 708 1816 viri,
735 1747 877 1802 ferte
901 1763 1089 1814 arma3
1126 1751 1294 1800 vocat
1316 1745 1413 1798 lux
1438 1743 1633 1798 ultima
1654 1743 1849 1798 victos.

367 1835 604 1890 Reddite
627 1851 716 1888 me
740 1832 979 1901 Dantis3
1019 1832 1184 1888 sinite
1205 1832 1515 1886 instaurata
1538 1832 1773 1886 revisam

365 1922 602 1977 Proelia..
675 1921 994 1990 Numquam
1017 1935 1212 1974 omnes
1235 1917 1403 1972 hodie
1432 1917 1734 1972 moriemur
1758 1915 1976 1974 inulti.”

439 2009 584 2064 Hinc
607 2009 755 2062 ferro
779 2007 1034 2076 accingor
1059 2021 1248 2060 rursus
1270 2005 1555 2076 clipeoque
1580 2008 1859 2064 sinistram

365 2096 706 2150 insertabam
731 2099 924 2164 aptans
947 2107 1146 2162 meque
1169 2095 1328 2147 extra
1349 2098 1501 2148 tecta
1522 2093 1783 2150 ferebam.

365 2183 510 2236 Ecce
534 2188 718 2236 autem
745 2181 1034 2250 complexa
1055 2179 1225 2250 pedes
1254 2181 1310 2234 in
1333 2180 1527 2236 limine
1556 2183 1799 2238 coniunx

367 2269 660 2336 Haerebat,
689 2283 1028 2337 parvumque
1047 2268 1192 2336 patri
1217 2267 1483 2322 tendebat
1506 2269 1721 2324 Iulum:

370 2358 404 2387 “
423 2355 482 2409 Si
505 2356 782 2425 periturus
807 2354 938 2422 abis,
967 2361 1026 2408 et
1047 2369 1150 2408 nos
1171 2369 1307 2422 rape
1329 2355 1387 2408 in
1420 2356 1609 2412 omnia
1632 2361 1814 2412 tecum
1835 2373 1850 2423 ς

367 2441 464 2497 Sin
490 2442 728 2511 aliquam
755 2447 1018 2511 expertus
1041 2439 1278 2507 sumptis
1303 2457 1457 2509 spem
1486 2442 1647 2510 ponis
1668 2443 1729 2496 in
1752 2443 1934 2511 armis,

317 2557 324 2564 ·
367 2529 524 2584 Hane
547 2528 786 2597 primum
811 2533 994 2582 tutare
1017 2525 1260 2580 domum.
1341 2525 1447 2581 Oui
1471 2543 1675 2596 parvus
1698 2527 1866 2596 Iulus,

368 2615 472 2670 Oui
497 2621 654 2684 pater
678 2619 736 2670 et
759 2615 999 2668 coniunx
1027 2614 1306 2684 quondam
1335 2619 1435 2670 tua
1460 2615 1611 2670 dicta
1632 2615 1950 2685 relinquor?
1972 2614 2006 2643 '’

435 2701 590 2756 Talia
609 2701 924 2755 vociferans
948 2699 1158 2769 gemitu
1189 2705 1399 2757 tectum
1424 2718 1589 2757 omne
1613 2701 1879 2771 replebat,

367 2789 506 2844 Cum
532 2789 774 2843 subitum
798 2786 1058 2856 dictuque
1083 2787 1260 2842 oritur
1285 2788 1539 2845 mirabile
1564 2795 1885 2845 monstrum.

365 2875 620 2946 Namque
643 2891 838 2928 manus
860 2874 1008 2928 inter
1039 2882 1487 2947 maestorumque
1512 2893 1613 2932 ora
1634 2883 1929 2946 parentum

365 2963 511 3019 Ecce
533 2963 670 3017 levis
693 2977 909 3015 summo
933 2961 1006 3016 de
1037 2963 1244 3018 vertice
1269 2964 1419 3019 visus
1436 2964 1545 3019 Iuli

365 3049 620 3104 Fundere
647 3048 834 3102 lumen
867 3065 1024 3119 apex,
1055 3055 1318 3119 tactuque
1343 3051 1569 3106 innoxia
1592 3049 1775 3106 mollis

297 3161 314 3195 a
365 3136 632 3191 Lambere
657 3134 882 3190 flamma
905 3153 1090 3190 eomas
1115 3141 1174 3191 et
1200 3135 1407 3192 circum
1436 3143 1690 3206 tempora
1711 3136 1883 3206 pasci.

367 3223 488 3276 Nos
511 3221 694 3291 pavidi
721 3221 999 3292 trepidare
1027 3228 1194 3290 metu,
1225 3225 1543 3293 crinemque
1565 3222 1893 3291 flagrantem

366 3309 641 3365 Excutere
665 3314 724 3364 et
747 3316 969 3364 sanctos
992 3311 1332 3378 restinguere
1357 3309 1608 3378 fontibus
1630 3309 1793 3378 ignis.

371 3397 450 3452 At
471 3405 631 3468 pater
655 3396 929 3452 Anchises
954 3397 1142 3452 oculos
1167 3396 1236 3450 ad
1261 3395 1445 3450 sidera
1465 3396 1642 3452 laetus

367 3482 598 3552 Extulit,
628 3488 687 3538 et
709 3483 864 3538 eaelo
888 3481 1100 3553 palmas
1125 3498 1252 3537 eum
1277 3499 1415 3536 voce
1441 3482 1711 3538 tetendit:

2298 1044 2403 1096 660

2298 1478 2401 1532 0⁰5

2297 1913 2403 1972 e'm

2294 2353 2401 2412 6⁷6
