2725 3892
978 216 1253 269 VERGILI
1303 216 1630 269 AENEIDOS
1674 218 1789 269 XII.

369 374 715 447 Insequitur;
755 376 931 431 solum
957 378 1128 433 densa
1151 378 1208 431 in
1235 378 1469 447 caligine
1494 377 1741 433 Turnum

369 462 625 534 vestigat
649 466 906 534 Inmane,
937 464 1114 518 solum
1139 464 1199 518 in
1223 465 1529 519 certamine
1554 466 1752 534 poscit.

367 552 490 607 Hoc
513 568 778 607 concussa
801 558 950 605 metu
975 558 1222 606 mentem
1245 551 1482 606 Iuturna
1508 553 1695 621 virago

365 640 634 709 Aurigam
658 638 830 693 Turni
854 639 1040 693 media
1059 640 1211 693 inter
1233 638 1354 693 lora
1382 639 1674 693 Metiscum
1732 592 1749 672 s

363 726 604 793 Excutit,
633 732 692 782 et
711 725 876 794 longe
899 726 1114 795 lapsum
1139 731 1362 779 temone
1385 712 1675 796 relinquit3

365 814 492 883 Ipsa
513 815 675 882 subit,
703 814 1066 883 manibusque
1091 812 1352 867 undantis
1380 812 1555 866 flectit
1580 813 1843 881 habenas,

333 912 340 919 ·
363 900 580 955 Cuncta
601 896 811 969 gerens,
841 914 1144 969 vocemque
1172 904 1228 953 et
1254 914 1453 967 corpus
1478 904 1537 952 et
1562 916 1715 955 arma
1742 900 1973 957 Metisci.

362 986 538 1056 Nigra
560 988 718 1043 velut
739 1004 965 1057 magnas
988 987 1198 1041 domini
1230 1002 1352 1039 cum
1380 986 1569 1040 divitis
1601 988 1765 1042 aedes
1812 1052 1823 1080 ἱ

361 1074 626 1130 Pervolat
650 1083 706 1131 et
730 1076 927 1145 pennis
951 1075 1066 1129 alta
1090 1074 1230 1128 atria
1258 1073 1459 1141 lustrat
1482 1066 1738 1144 hirundo,
1798 1086 1827 1155 ’ξ

361 1161 572 1216 Pabula
595 1179 767 1231 parva
788 1163 975 1231 legens
1000 1161 1254 1231 nidisque
1281 1158 1603 1231 loquacibus
1628 1176 1794 1231 escas,

358 1247 434 1303 Et
459 1264 608 1303 nunc
631 1250 938 1319 porticibus
961 1249 1161 1315 vacuis,
1189 1264 1340 1301 nuno
1370 1246 1557 1301 umida
1586 1248 1791 1303 circum

359 1334 570 1404 Stagna
593 1340 785 1391 sonat:
825 1336 1022 1391 similis
1045 1336 1256 1391 medios
1283 1336 1517 1391 Iuturna
1548 1352 1647 1405 per
1669 1335 1845 1391 hostis

359 1422 560 1479 Fertur
583 1424 752 1493 equis,
780 1423 1082 1494 rapidoque
1109 1424 1302 1489 volans
1326 1423 1445 1488 obit
1474 1423 1663 1477 omnia
1687 1440 1876 1489 ourru;

359 1510 586 1579 Iamque
609 1510 700 1564 bic
723 1526 1060 1579 germanum,
1089 1511 1306 1581 iamque
1331 1511 1421 1565 hic
1458 1502 1698 1564 ostentat
1722 1514 1997 1577 ovantem,

359 1596 414 1648 N
415 1614 478 1651 ec
502 1598 756 1651 conferre
781 1614 1005 1651 manum
1029 1600 1266 1666 patitur;
1315 1601 1471 1656 volat
1497 1602 1618 1655 avia
1644 1600 1822 1669 longe.

359 1683 522 1738 Haud
545 1683 731 1738 minus
752 1684 974 1739 Aeneas
997 1690 1176 1739 tortos
1199 1686 1335 1755 legit
1361 1689 1555 1742 obvius
1583 1688 1749 1755 orbis,

358 1769 722 1839 vestigatque
747 1771 924 1825 virum
952 1776 1010 1825 et
1033 1770 1260 1827 disiecta
1283 1790 1386 1842 per
1408 1776 1629 1842 agmina
1652 1790 1852 1842 magna

359 1856 513 1911 Voce
538 1862 714 1912 vocat.
789 1857 1062 1923 Quotiens
1087 1859 1278 1913 oculos
1301 1860 1539 1914 coniecit
1562 1862 1621 1913 in
1650 1860 1881 1928 hostem,

357 1942 764 2013 Alipedumque
787 1945 976 2011 fugam
999 1960 1162 1997 cursu
1189 1946 1483 2013 temptavit
1508 1964 1792 2017 equorum,

355 2031 604 2085 Aversos
625 2030 830 2083 totiens
855 2046 1050 2083 currus
1073 2028 1307 2085 Iuturna
1333 2033 1575 2087 retorsit.

354 2116 496 2183 Heu,
525 2116 662 2185 quid
686 2117 848 2183 agat?
919 2115 1100 2170 Vario
1125 2117 1453 2187 nequiquam
1486 2122 1713 2181 fluctuat
1738 2134 1907 2196 aestu,

353 2203 732 2271 Diversaeque
755 2208 960 2257 vocant
983 2202 1230 2257 animum
1255 2204 1316 2258 in
1342 2211 1621 2266 contraria
1648 2230 1828 2269 curae.

352 2290 500 2345 Huic
522 2288 823 2357 Messapus,
853 2290 934 2343 uti
957 2289 1117 2346 laeva
1137 2290 1250 2345 duo
1276 2292 1417 2347 forte
1444 2298 1673 2363 gerebat

353 2376 546 2443 Lenta,
571 2375 712 2430 levis
735 2392 916 2445 eursu,
940 2377 1184 2446 praefixa
1207 2378 1430 2435 hastilis
1454 2384 1621 2453 ferro,

353 2462 570 2519 Horum
593 2480 768 2517 unum
791 2471 946 2519 certo
970 2470 1342 2535 contorquens
1373 2470 1575 2543 derigit
1600 2475 1729 2530 ictu.

353 2550 430 2605 Su
467 2551 616 2605 stitit
639 2550 874 2619 Aeneae,
905 2556 962 2605 et
985 2568 1044 2605 se
1069 2551 1290 2622 collegit
1315 2558 1375 2610 in
1401 2575 1567 2630 arma,

352 2636 401 2691 P
436 2636 571 2705 lilite
593 2636 908 2705 subsidens3
950 2639 1162 2706 apicem
1191 2647 1381 2698 tamen
1406 2648 1575 2702 incita
1602 2666 1877 2704 summum

352 2724 528 2779 Hasta
551 2724 690 2793 tulit,
717 2740 1063 2793 summasque
1092 2730 1332 2783 excussit
1361 2736 1572 2788 vertice
1596 2736 1808 2791 cristas.

353 2810 492 2865 Tum
514 2826 647 2866 vero
669 2810 978 2880 adsurgunt
1001 2813 1145 2882 ἔτεος
1189 2816 1513 2888 insidiisque
1538 2821 1811 2891 subactus,

351 2894 613 2951 Diversos
637 2897 734 2951 ubi
758 2898 926 2953 sentit
955 2911 1126 2970 equos
1155 2918 1373 2957 currum
1382 2922 1485 2973 que
1510 2907 1726 2978 referri,

339 2982 530 3053 -ῌ-ιὲὶῥᾳ
552 2982 744 3037 Iovem
768 2988 826 3039 et
848 2985 980 3039 laesi
1007 2993 1244 3043 testatus
1268 2990 1513 3046 foederis
1536 3010 1677 3063 aras,

351 3069 469 3123 Iam
494 3069 720 3124 tandem
743 3070 954 3125 invadit
981 3074 1208 3143 medios,
1237 3080 1296 3129 et
1321 3076 1501 3133 Marte
1524 3082 1769 3135 secundo

351 3154 636 3209 Terribilis
657 3171 877 3211 saevam
905 3158 1060 3213 nullo
1083 3160 1401 3217 discrimine
1426 3165 1649 3220 caedem

351 3242 609 3311 Suscitat,
638 3242 954 3312 irarumque
979 3246 1160 3299 omnis
1185 3248 1421 3303 effundit
1452 3250 1713 3307 habenae.

422 3328 560 3393 Quis
583 3329 722 3382 mihi
747 3346 896 3384 nunc
917 3336 1006 3386 tot
1029 3333 1227 3388 acerba
1249 3334 1398 3404 deus,
1426 3338 1549 3406 quis
1572 3340 1817 3393 carmine
1841 3340 2039 3395 caedes

353 3414 626 3485 Diversae,
659 3416 982 3487 obitumque
1007 3418 1224 3485 ducum,
1255 3439 1395 3492 quos
1418 3440 1655 3493 aequore
1682 3431 1805 3480 toto

353 3500 524 3572 Inque
548 3504 728 3557 vicem
752 3518 902 3557 nunc
925 3504 1141 3559 Turnus
1164 3509 1294 3578 agit,
1323 3526 1475 3565 nune
1500 3508 1695 3566 Troius
1718 3512 1903 3580 heros,

2296 731 2401 785 470

2292 1164 2395 1219 475

2289 1604 2393 1654 480

2286 2044 2391 2095 485

2286 2484 2391 2536 490

2285 2917 2390 2969 495

2286 3344 2392 3396 500
