2725 3892
951 213 1226 265 VERGILI
1269 213 1599 266 ARNEIDOS
1644 215 1734 266 vl.

328 375 432 433 Per
455 393 708 447 eampum
730 381 1032 446 pascuntur
1055 375 1194 444 equi.
1273 374 1430 450 Quae
1452 375 1633 443 gratia
1654 391 1917 430 curruum

324 463 733 533 Armet-umque
755 464 868 518 fuit
889 463 1047 529 vivis,
1077 477 1216 530 quae
1239 455 1381 516 eura
1394 462 1627 516 nitentis

302 552 558 635 'Pascere
583 564 768 620 equos,
797 549 992 604 eadam
1006 549 1268 618 -sequitur
1293 549 1493 603 tellure
1516 554 1787 618 repostos.

275 661 299 674 ν
320 637 621 708 Conspicit,
648 653 792 706 eoee,
820 635 957 694 alios
983 635 1180 690 dextra
1204 635 1467 704 laevaque
1494 651 1593 704 per
1616 635 1850 690 herbam

323 725 616 780 Veseentis
639 713 954 792 laetumque
979 720 1151 776 ohoro
1177 721 1399 776 Paeana
1425 723 1679 777 canentis

323 811 476 866 Inter
499 801 790 866 odoratum
815 799 956 864 lauri
979 825 1191 876 nemus,
1223 808 1373 872 unde
1398 824 1633 878 superne

311 898 598 975 Burimus
621 896 847 952 Eridani
871 911 972 965 per
993 895 1188 949 silvam
1214 894 1461 962 volvitur
1482 895 1677 949 amnis.

323 981 426 1039 Hie
452 1001 644 1040 manus
667 985 740 1039 ob
767 983 1001 1054 patriam
1029 980 1327 1051 pugnaudo
1351 981 1583 1035 volnera
1604 982 1767 1052 passi,

322 1071 538 1140 Quique
557 1069 872 1125 sacerdotes
898 1069 1064 1138 casti„
1081 1067 1212 1121 dum
1240 1067 1356 1121 vita
1382 1069 1659 1138 manebat,

321 1158 538 1227 Quique
561 1158 638 1228 pii
667 1163 818 1213 vates
843 1165 900 1212 et
923 1157 1152 1213 Phoebo
1175 1156 1344 1224 digna
1370 1155 1557 1224 locuti,

319 1243 582 1300 Iuventas
605 1250 702 1300 aut
725 1245 819 1316 qui
847 1245 1016 1298 vitam
1043 1242 1332 1298 excoluere
1357 1257 1457 1310 per
1481 1243 1631 1310 artis,

320 1331 539 1402 Quique
563 1333 648 1387 sui
673 1347 948 1386 memores
971 1331 1110 1385 alios
1131 1330 1312 1394 fecere
1339 1328 1639 1393 merendo;

321 1419 592 1474 Omnibus
614 1419 704 1473 his
726 1420 890 1473 nivea
913 1419 1214 1487 cinguntur
1237 1424 1495 1484 tempora
1522 1417 1680 1470 vitta.

321 1507 473 1572 Quos
495 1507 858 1560 circumfusos
881 1504 960 1558 sio
984 1509 1069 1558 est
1093 1505 1282 1558 adfata
1305 1503 1530 1572 Sibylla,

319 1592 602 1647 Musaeum
627 1595 757 1645 ante
781 1591 990 1658 omnis3
1029 1591 1268 1644 medium
1295 1605 1423 1645 nam
1447 1589 1687 1659 plurima
1711 1591 1877 1646 turba

319 1679 482 1734 Hune
503 1678 690 1742 habet,
720 1679 886 1745 atque
911 1675 1118 1730 umeris
1139 1683 1449 1734 exstantem
1476 1677 1705 1746 suspicit
1730 1676 1889 1732 altis:

321 1767 358 1795 ‘⁴
374 1740 572 1836 Dikte,
599 1763 790 1848 felices
811 1761 1046 1840 animae,
1075 1768 1259 1832 tuque,
1287 1765 1499 1833 optime
1524 1770 1693 1831 vates,

319 1851 472 1918 Quae
496 1851 651 1920 regio
679 1849 980 1917 Anchisen,
1011 1851 1132 1920 quis
1153 1851 1324 1905 habet
1347 1851 1533 1906 loeus?
1570 1851 1719 1906 illius
1740 1867 1875 1919 ergo

320 1938 590 1994 Venimus
615 1943 672 1994 et
695 1953 926 2008 magnos
951 1937 1134 2034 Ereb'K
1145 1938 1487 2006 tranavimus
1510 1940 1742 1996 amnis.”

321 2025 504 2096 Atque
515 2013 660 2080 ‘huie
684 2042 1014 2096 responsum
1041 2025 1228 2093 paneis
1250 2024 1330 2078 ita
1355 2025 1597 2080 reddidit
1623 2027 1819 2080 heros:

321 2115 358 2142 ‘⁴
373 2111 527 2166 Nulli
551 2096 704 2168 certa
725 2113 956 2180 domus3
996 2113 1136 2170 lucis
1160 2107 1471 2166 habitamus
1498 2113 1701 2182 opacis,

321 2199 694 2269 Riparumque
719 2207 872 2256 toros
897 2205 955 2254 et
979 2205 1144 2268 prata
1165 2199 1407 2254 reoentis
1430 2200 1567 2254 rivis

321 2286 636 2342 Incolimus.
710 2277 816 2342 Sed
845 2303 958 2354 vos,
989 2287 1038 2339 si
1056 2287 1170 2340 fert
1193 2286 1274 2340 ita
1297 2285 1465 2340 eorde
1492 2287 1763 2356 voluntas,

325 2372 442 2427 Hoo
467 2377 720 2441 superate
743 2373 960 2442 iugum;
1001 2378 1058 2426 et
1083 2372 1233 2428 facili
1257 2373 1366 2427 ism
1392 2374 1613 2430 tramite
1634 2374 1884 2430 sistam.”

321 2459 494 2528 Dixit,
521 2465 580 2514 et
604 2463 734 2514 ante
757 2460 887 2528 tulit
911 2477 1178 2528 gressum,
1207 2454 1537 2532 camposque
1562 2461 1791 2516 nitentis
1822 2463 1829 2468 “

321 2545 570 2616 Desuper
595 2549 868 2614 ostentat3
909 2547 1110 2602 dehine
1135 2563 1350 2602 summa
1377 2550 1665 2604 cacumina
1689 2549 1963 2618 linquunt.

391 2631 472 2684 At
495 2637 656 2700 pater
677 2631 954 2704 Anchises
979 2633 1196 2702 penitus
1221 2635 1473 2688 convalle
1502 2634 1709 2689 virenti

319 2716 566 2792 Inclusas
587 2719 802 2774 animas
825 2735 1194 2792 superumque
1217 2721 1288 2776 ad
1311 2721 1499 2774 lumen
1524 2723 1699 2776 ituras

321 2803 616 2859 Lustrabat
639 2804 822 2858 studio
846 2805 1108 2872 recolenS,
1139 2823 1471 2876 omnemque
1494 2825 1721 2862 suorum

320 2891 490 2946 Forte
503 2892 834 2947 recensebat
860 2907 1148 2946 numerum
1175 2909 1441 2964 carosque
1465 2900 1715 2964 nepotes,
1756 2881 1762 2886 ’

317 2979 566 3048 Fataque
589 2979 952 3048 fortunasque
975 2979 1157 3034 virum
1181 2997 1477 3050 moresque
1500 2997 1821 3052 manusun

319 3065 482 3136 Isque
500 3065 596 3120 ubi
619 3065 940 3120 tendentem
967 3065 1254 3122 adversum
1277 3083 1379 3137 per
1401 3069 1653 3136 gramina
1674 3068 1819 3124 'vidit

320 3155 568 3220 Aenean,
597 3139 792 3208 alacris
813 3151 1026 3221 palmas
1051 3159 1310 3224 utrasque
1335 3155 1591 3223 tetendit,

318 3239 650 3308 Effusaeque
673 3239 832 3308 genis
856 3239 1133 3309 lacrimae,
1161 3247 1220 3294 et
1245 3257 1356 3295 vox
1383 3241 1591 3295 excidit
1616 3257 1743 3296 ore:

323 3326 358 3355 “
377 3323 600 3380 Venisti
624 3326 870 3392 tandem,
896 3330 1100 3394 tuaque
1125 3331 1445 3395 exspectata
1468 3327 1689 3396 parenti

323 3410 478 3468 Viuit
499 3412 608 3466 iter
631 3411 831 3466 durum
855 3411 1069 3479 pietas-8
1107 3412 1274 3468 datur
1297 3428 1397 3468 ora
1418 3413 1581 3479 tueri,

321 3495 484 3566 Nate,
509 3503 622 3566 tua,
657 3505 716 3552 et
739 3503 904 3552 notas
927 3495 1118 3552 audire
1141 3506 1200 3553 et
1225 3497 1459 3556 reddere
1488 3500 1687 3554 voees?

2254 551 2357 602 655

2254 985 2358 1036 660

2250 1419 2354 1471 665

2250 1854 2353 1907 670

2248 2287 2351 2343 675

2252 3157 2354 3208 685
