2725 3892
919 208 1196 258 VERGILI
1241 208 1571 258 AENRmOS
1614 208 1758 259 vni.

316 372 609 441 Congressi
633 372 870 440 iungunt
894 370 1132 435 dextras,
1161 368 1463 437 mediisque
1487 368 1735 423 residunt

317 458 582 526 AedibuS,
611 462 668 511 et
689 458 844 511 licito
867 456 1090 511 tandem
1117 467 1371 509 sermone
1396 456 1673 509 fruuntur.

315 544 437 601 Rex
461 546 616 614 prior
639 544 805 598 haec:
1516 529 1523 537 ⁵

249 614 606 726 )(“Maxime
631 630 966 683 Teucrorum
994 628 1208 696 ductor,
1237 644 1348 697 quo
1374 628 1581 697 sospite
1606 644 1905 699 numquam
2244 630 2351 684 470

317 716 430 772 Res
451 716 706 787 equidem
731 716 928 771 Troiae
953 716 1126 777 victas
1151 718 1247 769 aut
1271 730 1441 783 regna
1466 714 1702 781 fatebor,

317 804 493 860 Nobis
515 804 587 859 ad
611 804 740 859 belli
762 803 1156 871 auxiliumpro
1179 800 1405 855 nomine
1428 806 1591 855 tanto

317 892 562 961 Exiguae
587 892 762 945 vires:
804 890 936 944 hino
962 889 1142 943 Tusco
1170 887 1479 943 claudimur
1502 890 1665 957 amni,

317 979 464 1033 Hinc
489 978 726 1032 Rutulus
751 977 969 1047 premit,
999 981 1058 1030 et
1081 990 1302 1029 murum
1326 976 1694 1031 circumsonat
1718 975 1902 1044 annis,

319 1065 426 1121 Sed
451 1065 556 1120 tibi
580 1082 683 1133 ego
706 1064 948 1132 ingentis
973 1062 1206 1132 populos
1229 1061 1598 1131 opulentaque
1622 1062 1807 1131 regnis
2248 1062 2350 1117 475
2440 1114 2458 1122 ,

318 1152 554 1221 Iungere
586 1156 764 1206 castra
787 1166 938 1220 pai-0,
968 1165 1130 1218 quam
1157 1149 1306 1203 fors'
1293 1150 1522 1218 mopina
1544 1149 1775 1203 salutem

315 1239 600 1315 Ostentat.
672 1236 824 1291 Fatis
849 1236 960 1291 huo
983 1241 1041 1289 te
1068 1234 1425 1305 poscentibus
1449 1235 1645 1299 adfers.
1698 1234 1704 1242 '

318 1326 483 1380 Haud
508 1324 701 1396 procul
733 1323 864 1377 hino
890 1338 1025 1377 saxo
1046 1322 1308 1376 incolitur
1334 1321 1569 1377 fundata
1591 1327 1813 1377 vetusto

319 1412 487 1466 Urbis
509 1410 805 1479 Agyllinae
829 1410 1002 1477 sedes,
1031 1410 1126 1463 ubi
1151 1408 1328 1475 Lydia
1350 1408 1629 1477 quondam

374 1516 404 1553 e
473 1538 487 1567 ,
517 1497 662 1552 bello
693 1496 990 1566 praeclara,
1017 1496 1162 1565 iugis
1185 1494 1389 1548 insedit
1412 1494 1678 1554 Etruscis.
2246 1498 2353 1549 480

375 1600 480 1639 auc
504 1582 709 1637 multos
739 1582 1026 1637 florentem
1053 1598 1228 1637 annos
1253 1600 1350 1636 rex
1377 1582 1577 1637 deinde
1600 1583 1838 1653 superbo

319 1670 560 1741 Imperio
584 1674 642 1724 et
665 1669 845 1725 saevis
867 1670 1050 1723 tenuit
1073 1668 1379 1723 Mezentius
1405 1671 1586 1725 armis.

320 1757 468 1823 Quid
493 1773 794 1811 memorem
821 1757 1078 1812 infandas
1103 1757 1313 1825 caedes,
1343 1758 1475 1827 quid
1500 1758 1647 1814 facta
1670 1760 1893 1828 tyranni

319 1844 542 1898 Effera?
580 1844 638 1898 di
665 1844 874 1913 capiti·
859 1845 1032 1913 ipsius
1054 1844 1352 1914 generique
1378 1848 1693 1901 reservent!

321 1930 540 1986 Mortua
565 1932 694 2001 quin
725 1932 892 1986 etiam
918 1931 1180 2001 iungebat
1203 1948 1441 2002 corpora
1463 1934 1623 2003 vivis,
2246 1934 2353 1987 485

321 2019 675 2087 Componens
699 2018 1062 2088 manibusque
1086 2034 1285 2074 manus
1309 2024 1475 2089 atque
1500 2022 1687 2075 oribus
1711 2036 1822 2088 ora,

319 2105 603 2159 Tormenti
631 2122 819 2175 genus,
849 2111 907 2161 et
931 2106 1082 2160 sanie
1107 2108 1346 2177 taboque
1370 2107 1593 2164 fluentis

321 2192 626 2262 Complexu
651 2193 710 2245 in
737 2193 940 2248 misero
963 2193 1133 2263 longa
1159 2193 1236 2249 sic
1261 2200 1443 2249 morte
1465 2195 1717 2257 necabat.

322 2277 402 2331 At
425 2279 556 2333 fessi
580 2276 806 2333 taudem
833 2280 980 2333 cives
1005 2280 1236 2334 iuranda
1259 2280 1537 2335 furentem

320 2365 540 2418 Armati
567 2365 980 2419 circumsistunt
1003 2366 1288 2436 ipsumque
1313 2366 1663 2435 domumque,
2250 2370 2357 2421 490

321 2450 672 2505 obtruncant
695 2452 889 2517 socios»,
927 2453 1110 2521 iguem
1137 2451 1206 2506 ad
1229 2452 1450 2519 fastigia
1473 2453 1698 2507 iactant.

320 2536 420 2591 Ille
443 2538 590 2592 inter
613 2538 834 2593 caedem
861 2536 1194 2591 Rutulorum
1220 2538 1436 2607 elapsus
1461 2539 1519 2591 in
1545 2555 1707 2607 agros

321 2624 646 2695 Confugere,
675 2630 732 2681 et
757 2625 924 2679 Turni
951 2624 1240 2678 defendier
1261 2624 1497 2695 hospitis
1520 2626 1704 2680 armis.

318 2712 470 2781 Ergo
493 2714 674 2767 omnis
699 2712 854 2766 furiis
879 2712 1114 2785 surrexit
1141 2712 1366 2766 Etruria
1388 2712 1548 2767 iustis
1563 2706 1585 2767 ε’

320 2798 528 2867 Regem
555 2799 622 2854 ad
645 2799 974 2869 supplicium
1000 2800 1276 2867 praesenti
1303 2798 1483 2854 Marte
1507 2804 1821 2870 reposcunt.
2248 2802 2354 2855 495

321 2886 423 2939 His
445 2902 550 2954 ego
573 2890 646 2953 te,
675 2883 883 2954 Aenea,
917 2886 1204 2941 ductorem
1233 2886 1455 2940 milibus
1479 2887 1697 2943 addam.

321 2972 461 3027 Toto
483 2988 720 3042 namque
745 2974 996 3027 fremunt
1019 2974 1332 3028 condensae
1355 2974 1521 3028 litore
1545 2990 1771 3044 puppes,

322 3058 594 3127 Signaque
618 3059 766 3113 ferre
791 3058 1011 3127 iubent3
1053 3062 1258 3115 retinet
1284 3060 1586 3128 longaevus
1609 3062 1883 3149 haruspex

321 3145 461 3200 Fata
485 3161 715 3199 canens:
759 3144 794 3175 “
811 3144 860 3199 Ο
885 3145 1173 3223 Maeoniae
1205 3146 1419 3201 delecta
1442 3148 1717 3211 iuventmz,

321 3232 451 3286 Flos
471 3237 724 3286 veterum
747 3232 1036 3300 virtusque
1061 3232 1255 3297 virum,
1289 3249 1424 3301 quos
1446 3232 1623 3285 iustus
1646 3233 1707 3285 in
1732 3230 1949 3285 hostem
2248 3234 2354 3285 500

322 3319 454 3372 Fert
478 3319 635 3372 dolor
659 3323 717 3373 et
740 3319 939 3371 merita
962 3319 1216 3372 accendit
1238 3318 1586 3372 Mezentius
1570 3336 1669 3383 ira,

323 3404 478 3458 Nulli
503 3404 586 3457 fas
611 3403 754 3457 Italo
780 3409 989 3457 tantam
1018 3404 1349 3473 subiungere
1376 3410 1630 3473 gentem:

322 3488 600 3543 Externos
624 3494 812 3558 optate
835 3489 1058 3557 duoesJ'
1131 3488 1270 3543 Tum
1295 3490 1530 3545 Etrusca
1554 3492 1757 3547 resedit
