2725 3892
995 221 1270 272 venem
1315 220 1644 272 AENEIDOS
1688 220 1748 271 X.

361 386 656 455 Murmura,
683 388 950 438 venturos
976 385 1156 438 nautis
1180 383 1473 453 prodentia
1496 390 1709 437 ventos.

357 473 494 526 Tum
527 472 696 526 Pater
721 471 1086 540 omnipotens,
1115 486 1298 523 rerum
1325 470 1415 525 cui
1439 470 1621 539 prima
1646 475 1905 539 potestas,
2288 474 2392 523 100

357 559 627 614 Infit-eo
651 557 871 612 dicente
897 556 1059 611 deum
1085 557 1282 611 domus
1305 557 1419 611 alta
1442 556 1662 623 silescit,

321 646 432 729 „Et
454 644 778 699 tremefacta
801 644 921 698 solb
948 644 1136 711 tellus3
1179 642 1302 697 silet
1325 644 1531 698 arduus
1554 643 1776 707 aether:

357 733 496 786 Tum
521 730 758 800 Zephyri
783 748 1029 800 posuere,
1059 732 1260 801 premit
1285 730 1501 799 placida
1524 746 1765 808 aequora
1789 734 2060 799 pontus—

361 821 395 848 “
411 818 664 886 Accipite
687 834 819 885 ergo
844 817 1040 871 animis
1064 823 1226 887 atque
1255 818 1389 871 haec
1414 833 1537 870 mea
1566 806 1721 884 figite
1745 816 1910 871 dicta.

357 904 816 974 Quandoquidem
841 904 1120 959 Ausonios
1143 904 1404 972 coniungi
1429 902 1657 959 foedere
1682 903 1905 957 Teucris
2290 906 2389 955 105

359 992 519 1047 Haud
545 992 774 1059 licitum,
801 1007 906 1045 nec
930 996 1113 1045 vestra
1137 992 1286 1067 capit
1309 991 1585 1045 discordia
1608 990 1803 1045 finem:

359 1079 513 1145 Quae
535 1079 732 1148 cuique
756 1083 840 1132 est
862 1078 1090 1131 fortuna
1113 1076 1294 1142 hodie,
1323 1094 1485 1146 quam
1510 1078 1740 1147 quisque
1763 1083 1915 1132 secat
1938 1092 2107 1147 spem,

359 1166 495 1221 Tros
519 1165 828 1220 Rutulusve
850 1163 989 1233 fuat,
1019 1163 1171 1217 nullo
1197 1164 1515 1218 discrimine
1539 1164 1771 1233 habebo,

359 1254 465 1307 Seu
491 1254 622 1307 fatis
645 1251 846 1307 Italum
871 1258 1052 1307 castra
1075 1251 1363 1305 obsidione
1388 1256 1666 1319 tenentur,

359 1340 488 1394 Sive
513 1356 700 1393 errore
725 1338 871 1393 malo
897 1338 1092 1393 Troiae
1118 1340 1447 1408 monitisque
1472 1340 1727 1393 sinistris,
2288 1342 2391 1393 110

359 1430 478 1485 Nec
504 1420 738 1483 Rutulos
762 1429 935 1483 solvo.
1009 1428 1124 1483 Sua
1147 1432 1343 1499 cuique
1370 1446 1565 1510 exorsa
1586 1430 1830 1483 laborem

358 1517 770 1586 Fortunamque
795 1516 990 1570 ferent.
1066 1516 1188 1571 Rex
1213 1517 1463 1586 Iuppiter
1488 1517 1743 1571 omnibus
1770 1517 1936 1570 idem.

359 1604 498 1659 Fata
524 1604 667 1657 viam
691 1603 1034 1657 invenient.’'
1107 1604 1282 1673 Stygii
1311 1620 1412 1673 per
1434 1604 1665 1657 flumina
1694 1603 1899 1670 fratris,

358 1691 468 1746 Per
491 1691 612 1761 pice
637 1692 902 1744 torrentis
925 1697 1151 1760 atraque
1176 1691 1440 1758 voragine
1464 1692 1613 1759 ripas

360 1778 590 1842 Adnuit,
620 1784 678 1834 et
705 1784 883 1831 totum
905 1784 1047 1832 nutu
1070 1777 1380 1833 tremefecit
1406 1778 1721 1847 Olympum.
2292 1778 2391 1829 116

361 1866 466 1920 Hic
490 1866 617 1921 finis
639 1866 814 1921 sandi.
891 1866 1042 1921 Solio
1067 1872 1184 1920 tum
1211 1865 1463 1934 luppiter
1487 1880 1653 1919 aureo

361 1954 564 2023 Surgit,
593 1955 884 2009 caelicolae
909 1953 1152 2007 medium
1178 1968 1342 2022 quem
1368 1951 1436 2005 ad
1462 1952 1657 2007 limina
1680 1952 1905 2005 ducunt.

431 2040 651 2096 Interea
673 2041 866 2095 Rutuli
891 2040 1068 2111 portis
1091 2042 1298 2095 circum
1323 2040 1581 2093 omnibus
1606 2040 1813 2093 instant

361 2126 616 2183 Sternere
643 2128 807 2183 caede
831 2128 995 2197 viros,
1025 2134 1082 2182 et
1105 2128 1324 2182 moenia
1349 2128 1571 2195 cingere
1594 2126 1847 2180 fiammis.

362 2215 442 2269 At
465 2216 610 2283 legio
635 2215 962 2270 Aeneadum
987 2215 1142 2269 vallis
1167 2215 1390 2269 obsessa
1416 2220 1654 2281 tenetur,
2182 2252 2195 2265 ,
2296 2213 2397 2264 120

361 2301 482 2356 Nec
507 2320 632 2372 spes
655 2303 768 2358 ulla
789 2304 974 2371 fugae.
1051 2301 1240 2357 Miseri
1265 2307 1417 2356 stant
1442 2302 1687 2355 turribus
1712 2300 1836 2354 altis

363 2388 725 2458 Nequiquam,
753 2402 810 2444 et
841 2406 968 2444 rara
989 2405 1178 2444 muros
1203 2389 1425 2441 cinxere
1450 2403 1684 2441 corona:

361 2476 530 2529 Asius
554 2475 887 2531 Imbrasides
913 2475 1378 2543 Hicetaoniusque
1405 2473 1739 2539 Thymoetes

363 2563 724 2632 Assaracique
749 2563 860 2617 duo
885 2571 943 2617 et
965 2561 1153 2615 senior
1176 2576 1302 2615 eum
1327 2558 1557 2612 Castore
1582 2556 1891 2625 Thymbris,

361 2648 550 2703 Prima
573 2649 745 2716 acies,
786 2649 889 2702 hos
913 2648 1157 2717 germani
1185 2645 1521 2715 Sarpedonis
1543 2643 1721 2705 ambo,
2292 2642 2394 2694 125

361 2735 434 2789 Et
461 2734 654 2789 Clarus
677 2742 734 2789 et
757 2735 1022 2801 Themon,
1051 2733 1222 2801 Lycia
1245 2732 1581 2788 comitantur
1598 2730 1670 2784 ab
1694 2729 1820 2783 alta.

362 2822 494 2875 Fert
517 2823 709 2891 ingens
733 2826 854 2875 toto
879 2822 1110 2876 conixus
1135 2836 1369 2890 corpore
1392 2834 1602 2886 saxum,

360 2907 524 2963 Haud
549 2914 764 2977 partem
789 2908 1041 2977 exiguam
1067 2908 1284 2975 montis,
1313 2906 1613 2974 Lyrnesius
1636 2904 1871 2971 Acmon,

361 2994 480 3049 Nec
505 2994 688 3063 Clytio
714 2982 962 3063 genifore
985 2994 1182 3062 minor,
1211 3010 1314 3049 nec
1340 2994 1515 3047 fratre
1539 2990 1875 3047 Menestheo,

363 3082 438 3136 Hi
461 3081 665 3149 iaculis,
694 3082 774 3135 illi
800 3087 1018 3136 certant
1043 3080 1338 3141 defendere
1365 3080 1527 3149 saxis,
2296 3078 2399 3129 180

361 3168 652 3238 Molirique
675 3170 878 3238 ignem,
906 3185 1187 3238 nervoque
1212 3174 1403 3238 aptare
1426 3168 1669 3235 sagittas.

361 3256 486 3327 Ipse
511 3256 654 3310 inter
679 3256 904 3325 medios,
934 3255 1172 3311 Veneris
1196 3255 1495 3311 iustissima
1518 3272 1665 3321 cura,

361 3344 674 3399 Dardanius
698 3348 880 3413 eaput,
909 3360 1051 3412 ecce,
1081 3360 1220 3412 puer
1243 3343 1495 3398 detectus
1522 3340 1831 3406 honestum,

363 3430 554 3497 Qualis
577 3446 809 3498 gemma,
838 3431 1020 3498 micat,
1048 3429 1263 3485 fulvum
1289 3446 1431 3499 quae
1456 3428 1656 3483 dividit
1680 3443 1891 3495 aurum,

365 3518 482 3569 Aut
506 3516 651 3571 collo
675 3518 844 3572 decus
869 3527 963 3573 aut
989 3518 1188 3587 capiti3
1229 3518 1320 3572 vel
1347 3517 1507 3587 quale
1532 3531 1633 3585 per
1658 3520 1835 3569 artem
2140 3551 2150 3558 .
2296 3512 2397 3563 186
