2725 3892
992 87 1267 140 vanem
1310 87 1641 140 ammos
1683 87 1826 139 vm.

385 248 689 340 Dardanus,
716 247 917 304 Iliacae
939 250 1151 318 primus
1172 253 1334 318 pater
1356 250 1512 304 urbis
1535 254 1592 303 et
1615 253 1824 318 auctor,

382 307 639 403 Electra,
646 341 709 389 ut
733 336 863 390 Grai
890 335 1201 405 perhibent,
1230 334 1522 390 Atlantide
1547 341 1746 400 cretus,

383 420 699 476 Advehitur
722 421 993 488 Teucros3
1033 421 1313 476 Electram
1336 422 1610 476 maximus
1637 421 1800 476 Atlas

383 509 587 584 Edidit,
615 507 893 564 aetherios
916 525 1111 563 nmero
1135 510 1227 582 qui
1254 509 1488 563 sustinet
1511 509 1678 562 orbis.

384 597 565 653 Vobis
588 598 891 654 Mercurius
914 604 1074 668 pater
1098 603 1197 666 est,
1229 615 1392 667 quem
1416 598 1651 653 candida
1677 599 1823 654 Maia

385 685 647 753 Cyllenae
671 684 855 754 gelido
880 690 1210 755 conceptum
1239 686 1442 739 vertice
1470 685 1648 752 fudit3

384 773 463 825 At
487 771 706 839 Maiam,
736 772 939 826 auditis
961 771 1009 825 si
1036 772 1325 840 quicquam
1354 771 1642 839 credimus,
1675 771 1850 838 Atlas,

384 858 536 912 Idem
563 858 723 912 Atlas
747 850 991 926 generat,
1022 857 1157 912 caeli
1184 858 1277 926 qui
1306 856 1488 912 sidera
1511 859 1674 912 tollit.

384 945 475 999 Sic
500 961 674 1014 genus
698 945 985 1000 amborum
1011 944 1213 999 scindit
1236 961 1295 998 se
1320 945 1585 1013 sanguine
1609 945 1678 1000 ab
1701 961 1827 998 uno.

383 1031 485 1085 His
509 1032 681 1086 fretus
702 1047 817 1086 non
840 1030 1051 1100 legatos
1073 1017 1253 1101 neque
1282 1031 1462 1102 prima
1487 1047 1586 1100 per
1609 1035 1783 1086 artem

382 1116 799 1188 Temptamenta
820 1119 905 1172 tui
931 1118 1115 1192 pepigi
1136 1137 1149 1185 ς
1190 1134 1294 1186 me,
1324 1135 1412 1172 me
1435 1119 1554 1188 ipse
1577 1133 1868 1188 meumque

383 1205 573 1259 Obieci
600 1209 767 1274 eaput
790 1210 848 1258 et
872 1205 1103 1274 supplex
1120 1198 1197 1259 ¹ad
1224 1205 1416 1259 limina
1437 1205 1580 1259 veni.

384 1291 535 1346 Gens
560 1291 769 1358 eadem,
799 1307 938 1360 quae
962 1299 1033 1360 te,
1066 1291 1273 1346 crudeli
1300 1277 1522 1346 Daunia
1543 1291 1690 1346 bello

380 1378 727 1448 Insequitur3
768 1393 871 1432 nos
896 1377 942 1432 si
966 1377 1191 1447 pellant,
1219 1377 1359 1432 nihil
1386 1380 1540 1434 afore
1565 1379 1813 1448 credunt,

383 1465 529 1531 Quin
556 1482 777 1520 omnem
804 1465 1129 1536 Hesperiam
1156 1465 1379 1534 penitus
1404 1482 1501 1519 sua
1526 1467 1625 1521 sub
1650 1467 1780 1542 iuga
1803 1467 2043 1534 mittant,

382 1551 455 1607 Et
478 1569 643 1620 mare,
672 1552 817 1622 quod
844 1568 1023 1621 supra,
1052 1557 1295 1618 teneant,
1326 1551 1580 1622 quodque
1606 1553 1780 1607 adluit
1804 1553 1967 1608 infra.
2017 1549 2022 1556 ’

383 1639 589 1708 Accipe
614 1639 793 1708 daque
815 1637 996 1692 fidem.
1074 1638 1215 1692 Sunt
1239 1638 1401 1692 nobis
1425 1639 1598 1693 fortia
1621 1639 1768 1693 bello

382 1725 629 1794 Pectora,
660 1731 791 1780 sunt
818 1725 987 1780 animi
1016 1731 1070 1778 et
1097 1725 1261 1779 rebus
1288 1729 1536 1794 spectata
1558 1725 1872 1780 iuventus.''

382 1811 613 1867 Dixerat
641 1814 877 1866 Aeneas.
954 1811 1055 1865 Ille
1081 1828 1145 1865 os
1168 1811 1458 1880 oculosque
1483 1811 1758 1881 loquentis

381 1899 703 1955 Iamdudum
731 1907 787 1956 et
810 1907 991 1956 totum
1016 1901 1286 1955 lustrabat
1308 1899 1515 1954 lumine
1539 1915 1753 1968 corpus.

382 1965 520 2042 Tum
545 1989 623 2042 sic
647 2005 823 2057 pauca
850 1989 1051 2043 refert:
1097 1989 1131 2018 “
1146 1975 1227 2042 Ut
1250 1993 1324 2055 te,
1350 1985 1650 2040 fortissime
1675 1985 1964 2054 Teucrum,

382 2074 613 2145 Accipio
638 2081 983 2145 agnoscoque
1004 2074 1211 2130 libens!
1254 2079 1318 2128 ut
1342 2073 1514 2128 verba
1539 2055 1781 2144 parentis

381 2159 455 2215 Et
478 2177 671 2216 vocem
696 2161 971 2218 Anchisae
994 2163 1179 2233 magni
1205 2160 1528 2230 voltumque
1552 2160 1846 2215 recordor!

382 2245 527 2304 Nam
551 2249 777 2304 memini
805 2249 1083 2306 Hesionae
1110 2250 1378 2306 visentem
1404 2263 1576 2328 regna
1594 2247 1798 2304 sororis

382 2333 879 2392 Laomedontiaden
903 2335 1213 2408 Priamum„
1229 2335 1531 2392 Salamiua·
1531 2339 1830 2406 petentem,

387 2421 645 2477 Protinus
670 2421 949 2479 Arcadiae
974 2423 1185 2493 gelidos
1204 2402 1446 2479 invidere
1469 2423 1612 2478 finis.
1645 2408 1730 2514 ᾈ·

380 2509 517 2563 Τιιιιι
542 2509 680 2564 mihi
694 2509 886 2580 prima
908 2527 1079 2580 genas
1104 2511 1343 2576 vestibat
1364 2510 1501 2566 flore
1523 2486 1780 2577 iuve'xita·

379 2594 725 2676 Mirabarque
748 2596 917 2652 duces
940 2594 1193 2685 Teucrd's,
1220 2571 1462 2652 mirabar
1481 2601 1538 2652 et
1561 2597 1738 2666 ipsum

378 2679 912 2751 Βεοιιιεᾶοιιτιεᾶειις
954 2683 1053 2738 sed
1077 2665 1291 2739 cunctis
1316 2683 1480 2738 altior
1505 2683 1622 2738 ibat

378 2769 665 2824 Anchises.
738 2769 877 2824 Mihi
900 2787 1058 2824 mens
1081 2771 1321 2825 iuvenali
1348 2771 1576 2827 ardebat
1601 2785 1786 2825 amore

378 2854 728 2925 Compellare
755 2857 951 2924 virum,
982 2863 1039 2911 et
1062 2857 1289 2913 dextrae
1315 2859 1652 2926 coniungere
1677 2857 1958 2922 dextram,
1945 2875 1958 2888 ·

377 2941 619 3010 Accessi,
648 2949 705 2998 et
730 2942 963 3012 cupidus
984 2943 1195 2999 Phenei
1220 2945 1321 2998 sub
1345 2945 1564 2998 moenia
1585 2943 1736 2998 duxi.

378 3027 477 3083 Ille
500 3029 680 3083 mihi
664 3030 933 3120 insignem
960 3030 1277 3100 pharetram
1306 3030 1608 3099 Lyciasque
1632 3031 1864 3098 sagittas

376 3113 680 3170 Discedens
702 3093 1157 3191 chlamydemque
1182 3133 1315 3172 auro
1340 3117 1495 3172 dedit
1517 3117 1893 3184 intertextam,

376 3199 659 3276 Frenaque
682 3197 831 3272 bina,
857 3193 1012 3257 inens
1037 3219 1175 3273 quae
1198 3220 1347 3258 nunc
1371 3203 1557 3271 habet,
1586 3219 1766 3271 aurea,
1795 3202 1994 3258 Pallas.

375 3287 525 3358 Ergo
550 3295 621 3358 et,
653 3305 815 3359 quam
840 3289 1049 3360 petitis,
1076 3289 1267 3346 iuncta
1290 3296 1376 3344 est
1398 3289 1536 3344 mihi
1561 3290 1782 3345 foedere
1804 3289 2016 3352 dextra,

375 3371 464 3441 Et,
490 3373 587 3428 lux
612 3391 736 3430 eum
764 3377 1003 3444 primum
1028 3368 1191 3430 terris
1216 3393 1275 3431 se
1300 3375 1542 3430 crastiua
1566 3375 1776 3440 reddet,

2319 337 2418 390 185

2315 775 2420 828 140

2314 1209 2416 1261 145

2313 1641 2414 1694 150

2310 2075 2410 2128 155

2305 2511 2410 2564 160

2305 2947 2407 2999 165

2305 3373 2406 3428 170
