2725 3892
923 215 1196 266 vultum
1241 212 1572 264 alumnos
1614 211 1729 262 VII.

316 379 436 434 Hoc
459 384 518 436 et
541 383 660 432 tum
687 377 964 442 Aeneadis
990 377 1232 436 indicere
1259 375 1405 430 bella
1426 373 1659 428 Latinus

312 467 468 523 More
491 464 784 524 iubebatur
808 463 1094 536 tristisque
1115 461 1400 529 recludere
1424 452 1627 530 portas.

312 553 606 609 Abstinuit.
625 557 778 606 tactu
806 559 982 620 pater,
1011 565 1344 618 aversusque
1370 548 1581 616 refugit

312 641 498 696 Foeda
518 636 842 706 ministeria,
871 643 930 692 et
954 637 1132 692 caecis
1157 653 1216 690 se
1241 635 1493 690 condidit
1516 634 1745 688 umbris.

312 729 448 782 Tum
475 727 668 796 regina
691 725 853 779 deum
882 723 1036 778 caelo
1059 723 1286 792 delapsa
1307 723 1579 793 morantis

311 814 576 884 Impulit
561 830 682 884 ipsa
704 827 876 866 manu
899 811 1110 880 portas,
1139 815 1198 863 et
1221 809 1447 873 cardine
1471 823 1635 860 verso

311 900 452 975 Belli
477 903 715 956 serratos
737 901 948 969 rumpit
977 897 1238 972 Saturnia
1261 895 1453 965 postis.

311 988 492 1042 Ardet
514 988 754 1047 inexcita
780 988 1029 1041 Ausonia
1052 965 1216 1054 atque
1241 980 1544 1036 immobilis
1566 985 1723 1048 ante3

312 1073 449 1129 Pars
471 1075 640 1144 pedes
665 1076 746 1128 ire
769 1080 932 1144 parat
959 1061 1179 1142 campis,
1212 1085 1344 1139 pars
1372 1067 1579 1122 arduus
1602 1065 1729 1121 altis

311 1159 738 1215 Pulverulentus
765 1162 919 1231 equis
943 1161 1106 1226 furit;
1153 1172 1346 1212 omnes
1370 1170 1527 1209 arma
1550 1155 1853 1224 requirunt

310 1246 451 1302 Pars
473 1248 610 1302 levis
634 1249 836 1316 clipeos
861 1253 916 1302 et
940 1246 1150 1323 spicula
1175 1241 1359 1297 lucida
1384 1245 1609 1310 tergent

311 1335 532 1390 Arvina
552 1335 760 1404 pingui,
789 1331 1192 1403 subiguntque
1177 1321 1238 1384 ιιι
1263 1333 1389 1384 cote
1415 1343 1667 1394 secures;

311 1421 588 1492 Signaque
611 1423 758 1476 ferre
781 1422 950 1488 iuvat,
979 1422 1302 1489 sonitusque
1333 1416 1523 1472 audire
1551 1415 1825 1468 tubarum.

312 1508 568 1579 Quinque
591 1509 733 1564 adeo
759 1525 993 1578 magnae
1017 1507 1212 1576 positis
1239 1503 1531 1559 incudibus
1558 1501 1723 1554 urbes

310 1595 446 1651 Tela
467 1602 703 1651 novant:
745 1595 918 1650 Atina
939 1601 1138 1665 potens
1159 1594 1439 1662 Tiburque
1468 1588 1787 1658 superbum,

312 1683 500 1739 Ardea
523 1684 974 1754 Crustumerique
998 1689 1054 1736 et
1079 1682 1383 1750 turrigerae
1410 1677 1743 1732 Antemnae.

312 1771 575 1844 Tegmina
598 1775 723 1824 tuta
745 1775 945 1826 cavant
971 1769 1230 1838 capitum,
1257 1767 1597 1846 flectuntque
1624 1759 1861 1834 salignas

313 1855 627 1912 Umbonum
652 1858 850 1923 cratis3
892 1856 984 1914 alii
1008 1856 1269 1910 thoracas
1295 1853 1467 1908 aenos

316 1943 431 1996 Aut
453 1943 592 1998 levis
613 1959 802 1998 ocreas
823 1942 977 1996 lento
1002 1942 1213 1996 ducunt
1245 1923 1510 2008 argent03

286 2028 370 2082 ‘V
370 2045 572 2084 omens
596 2028 706 2084 huc
731 2034 787 2083 et
809 2029 965 2097 falcis
989 2031 1184 2102 honos,
1215 2031 1328 2084 huc
1354 2030 1535 2085 omnis
1560 2029 1729 2084 aratri

314 2115 492 2169 Gessit
515 2132 699 2193 amor3
741 2121 1045 2185 recoquunt
1071 2116 1282 2185 patrios
1307 2115 1626 2170 fornacibus
1656 2133 1829 2196 enses.

314 2197 558 2256 Classica
579 2202 798 2271 iamque
821 2210 1056 2270 sonant3
1095 2203 1142 2276 it
1165 2202 1310 2256 be'llo
1335 2207 1541 2277 tessera
1566 2204 1801 2271 signum.

314 2287 422 2342 Hic
445 2287 657 2356 galeam
684 2288 846 2342 tectis
869 2289 1118 2366 trepidus
1143 2288 1288 2366 rapit
1311 2307 1324 2356 ;
1366 2289 1460 2342 ille
1484 2290 1775 2346 frementis

315 2375 408 2428 Ad
431 2375 560 2442 iuga
582 2375 731 2442 cogit
755 2391 952 2452 equos;
997 2375 1344 2445 clipeumque
1374 2392 1617 2446 auroque
1642 2377 1875 2431 trilicem

313 2461 568 2516 Loricam
593 2461 856 2528 induitur,
883 2455 1104 2531 fidoque
1135 2463 1441 2530 accingitur
1465 2457 1716 2604 ensffi

384 2546 620 2602 Pandite
645 2564 791 2607 nunc
817 2545 1101 2616 Helicona,
1131 2547 1282 2617 deae,
1321 2555 1555 2620 cantusq
1710 2555 1871 2604 ovete

317 2634 424 2700 Qui
449 2635 594 2689 bello
618 2635 788 2690 exciti
809 2651 984 2703 regest,
1011 2653 1152 2705 quae
1182 2653 1453 2706 quemque
1477 2647 1697 2692 secutae

317 2720 662 2791 complerint
687 2737 910 2790 campos
933 2721 1094 2790 acies,
1127 2723 1326 2791 quibus
1353 2723 1495 2778 Itala
1516 2723 1627 2778 iam
1651 2728 1775 2777 tum

315 2807 592 2868 Floruerit
615 2813 766 2864 terre
789 2809 936 2863 alma
961 2808 1107 2875 viris,
1141 2809 1338 2879 quibus
1363 2809 1559 2864 arserit
1586 2809 1781 2874 armis:

315 2894 390 2949 Et
414 2896 742 2950 meministis
766 2897 930 2964 enim,
963 2896 1140 2966 divae,
1167 2901 1225 2952 et
1251 2911 1561 2959 memorare
1584 2896 1853 2966 potestis;

316 2981 410 3039 Ad
436 2997 540 3036 nos
561 2983 658 3034 vix
683 2983 866 3036 tenuis
891 2983 1078 3056 famae
1102 2983 1411 3051 perlabitur
1436 2998 1583 3038 aura.

385 3067 608 3122 Primus
629 3069 738 3121 init
759 3067 966 3122 bellum
995 3067 1294 3135 Tyrrhenis
1319 3085 1479 3138 asper
1503 3069 1572 3124 ab
1595 3068 1711 3122 oris

267 3131 687 3223 '“Oontemptor
711 3153 898 3208 divom
924 3153 1231 3210 Mezentius
1257 3155 1587 3224 agminaque
1610 3159 1803 3210 armat.

317 3240 490 3294 Filius
511 3239 644 3294 huic
667 3239 826 3294 iuxta
847 3239 1072 3308 LausuS,
1101 3256 1211 3310 quo
1236 3241 1519 3309 pulchrior
1544 3241 1685 3296 alter

317 3325 450 3380 Non
473 3326 598 3396 tuit,
627 3330 862 3394 excepto
884 3325 1176 3380 Laurentis
1201 3343 1435 3396 corpore
1461 3325 1649 3382 Turni.

319 3413 544 3481 Lausus,
573 3427 778 3483 equum
801 3409 1479 3482 domitorflebellatorque
1504 3413 1761 3476 ferarum,

317 3498 490 3556 Ducit
515 3497 780 3568 Agyllina
804 3498 1134 3567 nequiquam
1160 3513 1228 3552 ex
1255 3499 1391 3554 urbe
1416 3503 1635 3553 secutos

2248 720 2351 772 620

2246 1152 2351 1204 626

2248 1585 2353 1636 680

2250 2027 2351 2080 635

2252 2462 2355 2513 640

2256 2895 2356 2946 645

2260 3323 2364 3373 650
