2725 3892
999 176 1278 228 VERGILI
1323 175 1653 228 Ammos
1698 176 1760 226 V.

364 341 516 396 Haec
543 339 724 394 effata.

363 427 444 482 At
467 432 669 482 matres
693 426 876 495 primo
901 425 1186 494 ancipites,
1215 424 1497 494 oculisque
1520 423 1780 492 malignis

363 513 674 582 Ambiguae
695 516 952 581 spectare
979 517 1126 566 rates
1149 511 1414 565 miserum
1438 511 1587 565 inter
1610 526 1857 564 amorem

361 599 674 655 Praesentis
699 606 881 652 terrae
907 597 1148 666 fatisque
1173 597 1433 651 vocantia
1457 613 1659 665 regna:

363 686 502 741 Oum
527 686 633 740 dea
655 703 714 740 se
740 684 962 756 paribus
987 699 1087 752 per
1110 683 1324 738 eaelum
1351 683 1575 737 sustulit
1600 683 1702 738 alis

361 773 760 842 lugentemque
783 771 922 841 tuga
944 769 1122 824 secuit
1147 771 1248 824 sub
1273 770 1513 824 nubibus
1538 786 1745 824 arcum.

361 858 502 913 Tum
525 875 658 914 vero
684 858 954 912 attonitae
976 855 1242 910 monstris
1266 861 1533 925 actaeque
1556 856 1747 910 furore

365 945 743 1012 Conclamant,
771 945 1101 1014 rapiuntque
1128 943 1272 998 iocis
1296 941 1675 1012 penetralibus
1696 943 1912 1012 ignem;

361 1032 500 1086 Pars
523 1031 762 1101 spoliant
784 1046 924 1096 aras,
951 1029 1210 1084 frondem
1233 1045 1298 1084 ao
1325 1028 1567 1098 virgulta
1588 1028 1845 1098 facesque

365 1118 679 1172 Coniciunt.
751 1117 912 1170 Furit
936 1117 1196 1171 immissis
1223 1115 1507 1170 Volcanus
1532 1115 1767 1170 habenis

363 1205 626 1259 Transtra
649 1220 746 1272 per
771 1208 827 1257 et
851 1219 1032 1257 remos
1059 1208 1116 1257 et
1140 1204 1315 1272 pictas
1340 1203 1521 1257 abiete
1548 1201 1765 1271 puppis.

364 1290 608 1346 Nuntius
633 1289 911 1344 Anchisae
936 1289 1006 1343 ad
1029 1290 1306 1344 tumulum
1333 1305 1643 1358 cuneosque
1668 1288 1875 1346 theatri

363 1379 624 1434 Incensas
647 1375 858 1448 perfert
881 1375 1040 1430 navis
1065 1375 1342 1444 Eumelus,
1372 1381 1429 1430 et
1450 1375 1553 1444 ipsi

361 1464 688 1534 Respiciunt
711 1470 888 1518 atram
915 1463 970 1516 in
997 1462 1188 1517 nimbo
1213 1463 1451 1518 volitare
1476 1462 1739 1518 favillam.

361 1551 580 1606 Primus
604 1557 662 1605 et
685 1549 971 1617 Ascanius,
999 1567 1192 1604 cursus
1217 1555 1279 1604 ut
1301 1550 1481 1605 laetus
1516 1550 1785 1620 equestris

361 1637 628 1706 Ducebat,
657 1638 736 1692 sic
762 1654 888 1691 seer
911 1653 1054 1708 equo
1077 1638 1302 1694 turbata
1324 1637 1524 1707 petivit

363 1724 572 1792 Castra,
599 1741 701 1778 nec
727 1725 1006 1778 exanimes
1026 1731 1258 1793 possunt
1285 1725 1526 1780 retinere
1552 1723 1818 1792 magistri.

367 1813 402 1841 “
418 1811 555 1878 Quis
575 1811 734 1865 furor
757 1811 863 1863 iste
888 1812 1097 1864 novus?
1137 1827 1244 1880 quo
1269 1828 1432 1879 nunc,
1462 1819 1571 1882 quo
1596 1811 1827 1866 tenditis
1852 1811 1883 1840 '²
1910 1812 2107 1880 inquit,

366 1898 400 1929 ‘⁸
415 1897 540 1952 Heu
563 1899 795 1951 miserae
819 1896 1002 1950 cives?
1043 1913 1155 1951 non
1181 1897 1401 1952 hostem
1426 1899 1755 1968 inimicaque
1782 1903 1961 1952 castra

365 1985 647 2053 Argivom,
677 1988 888 2037 vestras
911 1999 1036 2051 spes
1060 1983 1232 2036 uritis.
1309 1983 1413 2052 En,
1442 2001 1545 2052 ego
1567 1991 1752 2039 vester

362 2072 663 2125 Ascanius!
686 2069 718 2097 '’
793 2069 1024 2124 Galeam
1051 2076 1178 2122 ante
1203 2069 1371 2137 pedes
1396 2070 1631 2138 proiecit
1658 2071 1897 2138 inanem,

365 2155 488 2221 Qua
511 2155 644 2210 ludo
671 2155 897 2209 indutus
921 2155 1048 2209 belli
1075 2154 1364 2210 simulacra
1390 2156 1583 2210 ciebat.

363 2241 655 2297 Accelerat
679 2241 838 2296 simul
868 2243 1100 2309 Aeneas,
1128 2241 1292 2294 simul
1315 2243 1536 2309 agmina
1562 2243 1849 2296 Teucrum.

363 2329 470 2382 Ast
493 2328 621 2382 illae
645 2327 878 2382 diversa·
890 2335 1041 2383 metu
1068 2345 1167 2397 per
1191 2327 1360 2382 litora
1386 2330 1587 2397 passim

364 2415 691 2485 Diffugiunt,
719 2415 992 2484 silvasque
1017 2421 1075 2469 et
1098 2415 1272 2469 sicubi
1300 2433 1546 2470 concava
1572 2417 1767 2470 furtim

363 2501 510 2556 Saxa
529 2507 757 2570 petunt3
797 2502 948 2571 piget
971 2503 1177 2571 incepti
1203 2502 1464 2572 lucisque,
1496 2521 1731 2573 suosque

363 2586 606 2643 Mutatae
629 2594 954 2657 agnoscunt,
982 2605 1322 2659 excussaque
1349 2597 1576 2659 pectore
1600 2591 1741 2645 Iuno
1765 2595 1867 2646 est.

363 2674 470 2729 Sed
495 2691 606 2728 non
630 2675 838 2730 idcirco
863 2675 1114 2730 fiammae
1137 2681 1306 2745 atque
1332 2676 1588 2732 incendia
1613 2677 1747 2732 viris

363 2760 668 2816 Indomitas
691 2778 954 2831 posuere3
994 2761 1108 2816 udo
1131 2763 1234 2817 sub
1261 2763 1463 2818 robore
1484 2764 1629 2818 vivit

361 2849 576 2919 Stuppa
598 2866 828 2904 vomens
853 2849 1074 2904 tardum
1101 2850 1332 2918 fumum,
1362 2851 1651 2921 lentusque
1674 2852 1891 2906 carinas

359 2935 462 2990 Est
485 2951 676 3005 vapor,
707 2941 764 2990 et
787 2941 908 2989 toto
931 2935 1216 2990 descendit
1241 2953 1471 3006 corpore
1496 2938 1683 3007 pestis,

362 3021 480 3077 Nec
507 3023 654 3078 vires
677 3023 905 3077 heroum
929 3023 1220 3092 infusaque
1245 3023 1475 3079 flumina
1498 3033 1747 3094 prosunt.

363 3107 501 3163 Tum
525 3109 650 3178 pius
677 3111 894 3164 Aeneas
919 3109 1122 3164 umeris
1145 3109 1472 3166 abscindere
1500 3117 1727 3182 vestem,

361 3195 698 3265 Auxilioque
720 3213 921 3250 vocare
945 3195 1095 3266 deos,
1124 3201 1182 3252 et
1203 3197 1431 3252 tendere
1455 3197 1693 3266 palmas:

366 3283 398 3312 ‘⁴
415 3281 664 3352 Iuppiter
691 3283 1059 3352 omnipotens,
1087 3283 1136 3338 si
1159 3283 1407 3338 nondum
1434 3301 1634 3340 exosus
1656 3284 1725 3339 ad
1756 3299 1926 3338 unum

363 3368 648 3436 Troianos,
675 3369 719 3422 si
749 3369 876 3438 quid
904 3368 1085 3438 pietas
1109 3370 1336 3438 antiqua
1359 3370 1577 3425 labores

364 3453 614 3523 Respicit
637 3453 921 3520 humanos,
950 3453 1024 3508 da
1046 3453 1320 3508 flammam
1347 3455 1581 3510 evadere
1608 3455 1768 3510 classi

2299 511 2401 564 655

2297 944 2403 996 660

2298 1378 2401 1430 665

2296 1812 2399 1868 670

2296 2242 2397 2299 675

2295 2680 2399 2732 680

2296 3111 2399 3162 685
