2725 3892
985 203 1262 255 VERGILI
1307 203 1637 254 anm-:mos
1678 203 1743 254 V.

353 367 456 422 Ast
479 367 632 422 illum
661 365 756 421 fidi
783 365 1050 435 aequales,
1077 381 1258 433 genua
1281 381 1451 433 aegra
1486 364 1817 432 trahentem,

347 453 760 522 laetantemque
786 458 1016 522 utroque
1043 457 1226 521 caput,
1255 467 1611 520 crassumque
1636 467 1889 505 cruorem

348 541 460 595 Ore
485 543 814 594 eiectantem
841 540 1156 608 mixtosque
1179 539 1236 591 in
1261 539 1529 606 sanguine
1553 538 1763 606 dentes,
2276 536 2385 594 470

348 628 574 682 Ducunt
597 627 666 681 ad
693 626 882 694 navis,
923 625 1244 694 galeamque
1269 640 1567 694 ensemque
1594 625 1775 678 vocati

349 713 676 783 Accipiunt3
713 713 954 782 palmam
979 711 1202 765 Entello
1229 719 1561 780 taurumque
1586 711 1921 780 relinquunt.

347 800 454 855 Hic
479 801 670 867 victor,
701 816 762 854 su
771 814 970 868 perans
993 799 1189 852 animis
1215 803 1485 866 tauroque
1522 797 1818 866 superbus:

349 893 384 916 ‘⁴
401 885 548 941 Nate
571 886 692 954 dea,
719 901 928 954 vosque
952 885 1090 940 haec
1111 884 1144 913 '’
1169 885 1353 953 inquit
1380 886 1415 914 ‘⁶
1434 884 1763 953 cognoscite,
1793 883 2003 952 Teucri,

345 972 419 1026 Et
441 973 578 1026 mihi
603 989 742 1044 quae
766 971 974 1026 fuerint
999 971 1240 1025 iuvenali
1263 971 1322 1024 in
1349 987 1585 1040 corpore
1610 971 1770 1036 vires,
2276 970 2381 1025 4⁷5

345 1059 420 1112 Et
445 1076 553 1129 qua
575 1059 808 1114 servetis
834 1064 1152 1113 revocatum
1181 1074 1216 1112 a
1237 1067 1421 1111 morte
1445 1057 1709 1111 Dareta.”

345 1146 522 1212 Dixit,
549 1151 608 1201 et
633 1146 848 1201 adversi
877 1151 1072 1200 contra
1097 1144 1252 1199 stetit
1275 1161 1375 1198 ora
1398 1145 1632 1212 iuvenci,

347 1234 456 1300 Qui
479 1234 686 1287 donum
713 1233 932 1287 astabat
951 1247 1182 1301 pugnae,
1211 1230 1487 1300 durosque
1520 1230 1751 1286 reducta

345 1321 595 1375 Libravit
611 1319 806 1374 dextra
832 1318 1017 1373 media
1039 1318 1186 1372 inter
1209 1333 1423 1372 cornua
1442 1325 1677 1385 caestus,

346 1407 585 1476 Arduus,
615 1407 952 1476 effractoque
979 1404 1156 1458 inlisit
1185 1406 1244 1457 in
1269 1421 1395 1458 ossa
1418 1405 1665 1459 cerebro·
2276 1405 2381 1458 480

346 1495 626 1550 Sternitur
651 1493 1036 1563 exanimisque
1061 1497 1306 1545 tremens
1330 1491 1649 1560 procumbit
1670 1491 1825 1545 humi
1850 1491 1971 1546 bos.

346 1581 448 1636 1110
473 1597 636 1650 super
661 1579 788 1634 talis
813 1579 1050 1634 effundit
1073 1583 1298 1649 pectore
1321 1593 1521 1632 voces:

350 1669 385 1697 “
405 1666 564 1722 Hanc
587 1667 704 1735 tibi,
733 1666 903 1734 Eryx,
931 1665 1220 1720 meliorem
1245 1665 1487 1719 animam
1511 1681 1615 1734 pro
1640 1669 1819 1718 morte
1844 1663 2067 1720 Daretis

347 1753 639 1821 Persolv03
679 1752 769 1808 hic
789 1753 966 1806 victor
991 1759 1208 1808 caestus
1233 1757 1525 1821 artemque
1548 1751 1817 1822 repono.’'

419 1839 680 1893 Protinus
705 1839 924 1894 Aeneas
947 1839 1114 1893 celeri
1138 1843 1352 1893 certare
1370 1839 1573 1908 sagitta
2278 1838 2382 1892 485

349 1930 558 1986 Invitat
584 1930 676 2000 qui
703 1928 848 1983 forte
870 1929 1058 1996 velint,
1087 1933 1144 1984 et
1170 1929 1419 1998 praemia
1442 1929 1618 1998 ponit,

347 2017 676 2088 Ingentique
699 2019 869 2072 manu'
889 2015 1098 2070 malum
1122 2016 1192 2070 de
1217 2033 1360 2070 nave
1384 2015 1589 2070 Seresti

345 2105 543 2175 Erigit,
573 2111 629 2160 et
653 2105 950 2161 volucrem·
959 2106 1192 2160 traiecto
1215 2105 1272 2160 in
1299 2105 1431 2160 fune
1454 2105 1782 2169 columbam,

349 2192 474 2258 Quo
499 2192 732 2248 tendant
754 2193 980 2262 ferrum,
1007 2192 1156 2246 malo
1179 2193 1465 2262 suspendit
1490 2193 1559 2247 ab
1584 2191 1713 2246 alte.

349 2279 674 2334 Convenere
699 2280 822 2349 viri,
851 2280 1230 2350 deiectamque
1265 2295 1429 2334 aerea
1452 2286 1657 2333 sortem
2276 2277 2385 2330 490

348 2365 584 2436 Accepit
608 2367 796 2437 galea3
835 2371 892 2422 et
915 2368 1128 2436 primus
1151 2367 1393 2421 clamore
1418 2367 1659 2421 secundo

349 2451 684 2520 Hyrtacidae
711 2459 842 2508 ante
867 2453 1047 2508 omnis
1071 2453 1188 2507 exit
1211 2453 1364 2506 locus
1394 2453 1829 2522 Hippocoontis3

349 2539 524 2603 Quem
551 2537 720 2593 modo
743 2539 928 2594 navali
955 2539 1275 2592 Mnestheus
1297 2539 1603 2593 certamine
1628 2539 1808 2593 victor

350 2625 734 2696 Consequitur,
765 2625 930 2680 viridi
955 2624 1276 2680 Mnestheus
1299 2625 1551 2679 evinctus
1586 2623 1748 2679 oliva.

349 2710 566 2766 Tertius
589 2711 880 2780 Eurytion,
910 2717 1054 2780 tuus,
1086 2728 1120 2765 ο
1145 2711 1461 2780 clarissime,
1488 2711 1676 2779 frater,
2278 2709 2387 2764 495

349 2797 614 2866 Pandare,
645 2799 738 2868 qui
765 2798 1056 2868 quondam,
1085 2799 1264 2852 iussus
1289 2797 1627 2853 confundere
1652 2797 1865 2867 foedus,

349 2884 412 2938 In
439 2885 652 2939 medios
677 2883 850 2940 telum
875 2885 1084 2939 torsisti
1111 2884 1322 2953 primus
1349 2885 1609 2940 Achivos.

347 2971 644 3026 Extremus
669 2972 932 3041 galeaque
955 2971 1067 3027 ima
1093 2970 1342 3026 subsedit
1359 2971 1607 3038 Acestes,

349 3057 534 3112 Ausus
559 3064 615 3112 et
639 3059 756 3126 ipse
779 3074 946 3112 manu
971 3057 1233 3112 iuvenum
1257 3061 1535 3126 temptare
1558 3058 1820 3113 laborem.

349 3144 486 3198 Tum
515 3143 710 3199 validis
733 3143 906 3198 flexos
929 3145 1226 3198 incurvant
1253 3144 1465 3198 viribus
1490 3159 1647 3198 arcus
2281 3145 2389 3197 500

257 3275 270 3284 .
347 3231 460 3284 Pro
487 3247 544 3285 se
568 3232 796 3300 quisque
821 3231 940 3300 viri,
969 3237 1028 3286 et
1051 3231 1387 3299 depromunt
1412 3230 1527 3284 tela
1552 3230 1841 3299 pharetris.

350 3316 644 3388 Primaque
667 3334 768 3388 per
791 3319 1002 3372 caelum
1029 3333 1203 3372 nervo
1229 3317 1501 3371 stridente
1526 3317 1730 3386 sagitta

349 3403 689 3474 Hyrtacidae
711 3405 926 3460 iuvenis
947 3404 1188 3460 volucris
1213 3403 1531 3460 diverberat
1556 3419 1747 3471 auras3

349 3491 424 3545 Et
446 3493 615 3562 venit,
645 3491 970 3561 adversique
995 3491 1240 3562 infigitur
1265 3492 1463 3548 arbore
1487 3491 1635 3549 mali.
