<?xml version="1.0" encoding="UTF-8"?>
<!DOCTYPE html PUBLIC "-//W3C//DTD XHTML 1.0 Transitional//EN"
    "http://www.w3.org/TR/xhtml1/DTD/xhtml1-transitional.dtd">
<html xmlns="http://www.w3.org/1999/xhtml" xml:lang="en" lang="en">
 <head>
  <title>
</title>
<meta http-equiv="Content-Type" content="text/html;charset=utf-8" />
  <meta name='ocr-system' content='tesseract 3.04.00' />
  <meta name='ocr-capabilities' content='ocr_page ocr_carea ocr_par ocr_line ocrx_word'/>
</head>
<body>
  <div class='ocr_page' id='page_1' title='image "arevisedtextpoe01virggoog_0252.png"; bbox 0 0 2725 3892; ppageno 0'>
   <div class='ocr_carea' id='block_1_1' title="bbox 953 206 1737 260">
    <p class='ocr_par' dir='ltr' id='par_1_1' title="bbox 953 206 1737 260">
     <span class='ocr_line' id='line_1_1' title="bbox 953 206 1737 260; baseline 0.003 -2"><span class='ocrx_word' id='word_1_1' title='bbox 953 206 1228 259; x_wconf 78' lang='lat' dir='ltr'><strong>VERGILI</strong></span> <span class='ocrx_word' id='word_1_2' title='bbox 1271 207 1604 258; x_wconf 76' lang='lat' dir='ltr'><strong>AENEIDOS</strong></span> <span class='ocrx_word' id='word_1_3' title='bbox 1648 209 1737 260; x_wconf 79' lang='lat' dir='ltr'><strong>VI.</strong></span> 
     </span>
    </p>
   </div>
   <div class='ocr_carea' id='block_1_2' title="bbox 208 367 2458 3570">
    <p class='ocr_par' dir='ltr' id='par_1_2' title="bbox 331 367 1729 440">
     <span class='ocr_line' id='line_1_2' title="bbox 331 367 1729 440; baseline 0.003 -18"><span class='ocrx_word' id='word_1_4' title='bbox 331 367 503 423; x_wconf 86' lang='lat' dir='ltr'><strong>Eruet</strong></span> <span class='ocrx_word' id='word_1_5' title='bbox 525 369 620 424; x_wconf 90' lang='lat' dir='ltr'><strong>ille</strong></span> <span class='ocrx_word' id='word_1_6' title='bbox 643 369 828 438; x_wconf 83' lang='lat' dir='ltr'><strong>Argos</strong></span> <span class='ocrx_word' id='word_1_7' title='bbox 853 368 1428 440; x_wconf 83' lang='lat' dir='ltr'><strong>Agamemnoniasque</strong></span> <span class='ocrx_word' id='word_1_8' title='bbox 1452 369 1729 439; x_wconf 79' lang='lat' dir='ltr'><strong>Mycenas,</strong></span> 
     </span>
    </p>

    <p class='ocr_par' dir='ltr' id='par_1_3' title="bbox 331 454 1812 527">
     <span class='ocr_line' id='line_1_3' title="bbox 331 454 1812 527; baseline 0.003 -19"><span class='ocrx_word' id='word_1_9' title='bbox 331 454 628 524; x_wconf 80' lang='lat' dir='ltr'><strong>Ipsumque</strong></span> <span class='ocrx_word' id='word_1_10' title='bbox 655 457 954 524; x_wconf 78' lang='lat' dir='ltr'><strong>Aeaciden,</strong></span> <span class='ocrx_word' id='word_1_11' title='bbox 981 473 1154 525; x_wconf 83' lang='lat' dir='ltr'><strong>genus</strong></span> <span class='ocrx_word' id='word_1_12' title='bbox 1177 456 1563 526; x_wconf 87' lang='lat' dir='ltr'><strong>armipotentis</strong></span> <span class='ocrx_word' id='word_1_13' title='bbox 1589 459 1812 527; x_wconf 83' lang='lat' dir='ltr'><strong>Achilli,</strong></span> 
     </span>
    </p>

    <p class='ocr_par' dir='ltr' id='par_1_4' title="bbox 331 541 2365 612">
     <span class='ocr_line' id='line_1_4' title="bbox 331 541 2365 612; baseline 0.003 -16"><span class='ocrx_word' id='word_1_14' title='bbox 331 541 494 596; x_wconf 87' lang='lat' dir='ltr'><strong>Ultus</strong></span> <span class='ocrx_word' id='word_1_15' title='bbox 519 556 651 596; x_wconf 83' lang='lat' dir='ltr'><strong>avos</strong></span> <span class='ocrx_word' id='word_1_16' title='bbox 675 541 888 612; x_wconf 84' lang='lat' dir='ltr'><strong>Troiae,</strong></span> <span class='ocrx_word' id='word_1_17' title='bbox 916 542 1124 610; x_wconf 87' lang='lat' dir='ltr'><strong>templa</strong></span> <span class='ocrx_word' id='word_1_18' title='bbox 1146 548 1206 596; x_wconf 88' lang='lat' dir='ltr'><strong>et</strong></span> <span class='ocrx_word' id='word_1_19' title='bbox 1228 547 1499 598; x_wconf 85' lang='lat' dir='ltr'><strong>temerata</strong></span> <span class='ocrx_word' id='word_1_20' title='bbox 1522 543 1821 599; x_wconf 79' lang='lat' dir='ltr'><strong>Minervae.</strong></span> <span class='ocrx_word' id='word_1_21' title='bbox 2264 552 2365 602; x_wconf 86' lang='lat'><strong>840</strong></span> 
     </span>
    </p>

    <p class='ocr_par' dir='ltr' id='par_1_5' title="bbox 332 627 2037 702">
     <span class='ocr_line' id='line_1_5' title="bbox 332 627 2037 702; baseline 0.004 -21"><span class='ocrx_word' id='word_1_22' title='bbox 332 627 470 693; x_wconf 82' lang='lat' dir='ltr'><strong>Quis</strong></span> <span class='ocrx_word' id='word_1_23' title='bbox 498 633 569 696; x_wconf 88' lang='lat' dir='ltr'><strong>te,</strong></span> <span class='ocrx_word' id='word_1_24' title='bbox 597 645 794 697; x_wconf 80' lang='lat' dir='ltr'><strong>magne</strong></span> <span class='ocrx_word' id='word_1_25' title='bbox 821 627 978 697; x_wconf 85' lang='lat' dir='ltr'><strong>Cato,</strong></span> <span class='ocrx_word' id='word_1_26' title='bbox 1007 630 1260 698; x_wconf 86' lang='lat' dir='ltr'><strong>tacitum,</strong></span> <span class='ocrx_word' id='word_1_27' title='bbox 1290 636 1388 684; x_wconf 87' lang='lat' dir='ltr'><strong>aut</strong></span> <span class='ocrx_word' id='word_1_28' title='bbox 1412 637 1484 699; x_wconf 87' lang='lat' dir='ltr'><strong>te,</strong></span> <span class='ocrx_word' id='word_1_29' title='bbox 1516 631 1700 697; x_wconf 82' lang='lat' dir='ltr'><strong>Cosse,</strong></span> <span class='ocrx_word' id='word_1_30' title='bbox 1724 632 2037 702; x_wconf 69' lang='lat' dir='ltr'><strong>relinquat?</strong></span> 
     </span>
    </p>

    <p class='ocr_par' dir='ltr' id='par_1_6' title="bbox 331 715 1932 788">
     <span class='ocr_line' id='line_1_6' title="bbox 331 715 1932 788; baseline 0.002 -20"><span class='ocrx_word' id='word_1_31' title='bbox 331 715 468 781; x_wconf 83' lang='lat' dir='ltr'><strong>Quis</strong></span> <span class='ocrx_word' id='word_1_32' title='bbox 493 715 732 770; x_wconf 75' lang='lat' dir='ltr'><strong>Gracchi</strong></span> <span class='ocrx_word' id='word_1_33' title='bbox 755 732 944 785; x_wconf 83' lang='lat' dir='ltr'><strong>genus,</strong></span> <span class='ocrx_word' id='word_1_34' title='bbox 973 721 1070 770; x_wconf 88' lang='lat' dir='ltr'><strong>aut</strong></span> <span class='ocrx_word' id='word_1_35' title='bbox 1092 718 1354 786; x_wconf 86' lang='lat' dir='ltr'><strong>geminos,</strong></span> <span class='ocrx_word' id='word_1_36' title='bbox 1384 717 1495 772; x_wconf 88' lang='lat' dir='ltr'><strong>duo</strong></span> <span class='ocrx_word' id='word_1_37' title='bbox 1524 718 1761 788; x_wconf 76' lang='lat' dir='ltr'><strong>fulmina</strong></span> <span class='ocrx_word' id='word_1_38' title='bbox 1788 719 1932 788; x_wconf 89' lang='lat' dir='ltr'><strong>belli,</strong></span> 
     </span>
    </p>

    <p class='ocr_par' dir='ltr' id='par_1_7' title="bbox 331 801 1742 873">
     <span class='ocr_line' id='line_1_7' title="bbox 331 801 1742 873; baseline 0.001 -17"><span class='ocrx_word' id='word_1_39' title='bbox 331 801 628 870; x_wconf 74' lang='lat' dir='ltr'>Scipiadae,</span> <span class='ocrx_word' id='word_1_40' title='bbox 657 801 868 856; x_wconf 81' lang='lat' dir='ltr'><strong>cladem</strong></span> <span class='ocrx_word' id='word_1_41' title='bbox 891 801 1111 870; x_wconf 77' lang='lat' dir='ltr'>Libyae,</span> <span class='ocrx_word' id='word_1_42' title='bbox 1145 819 1429 872; x_wconf 85' lang='lat' dir='ltr'><strong>parvoque</strong></span> <span class='ocrx_word' id='word_1_43' title='bbox 1454 809 1742 873; x_wconf 87' lang='lat' dir='ltr'><strong>potentem</strong></span> 
     </span>
    </p>

    <p class='ocr_par' dir='ltr' id='par_1_8' title="bbox 208 886 2458 1130">
     <span class='ocr_line' id='line_1_8' title="bbox 329 886 1687 960; baseline 0.004 -20"><span class='ocrx_word' id='word_1_44' title='bbox 329 886 656 957; x_wconf 79' lang='lat' dir='ltr'><strong>Fabricium,</strong></span> <span class='ocrx_word' id='word_1_45' title='bbox 685 888 774 943; x_wconf 84' lang='lat' dir='ltr'><strong>vel</strong></span> <span class='ocrx_word' id='word_1_46' title='bbox 799 894 856 942; x_wconf 89' lang='lat' dir='ltr'><strong>te</strong></span> <span class='ocrx_word' id='word_1_47' title='bbox 881 889 1050 958; x_wconf 87' lang='lat' dir='ltr'><strong>sulco,</strong></span> <span class='ocrx_word' id='word_1_48' title='bbox 1081 889 1330 960; x_wconf 78' lang='lat' dir='ltr'><strong>Serrano,</strong></span> <span class='ocrx_word' id='word_1_49' title='bbox 1365 892 1687 945; x_wconf 68' lang='lat' dir='ltr'><strong>serentem?</strong></span> 
     </span>
     <span class='ocr_line' id='line_1_9' title="bbox 209 961 2458 1064; baseline 0.003 -37"><span class='ocrx_word' id='word_1_50' title='bbox 209 983 314 1064; x_wconf 48' lang='grc' dir='ltr'><em>β</em></span> <span class='ocrx_word' id='word_1_51' title='bbox 330 974 456 1040; x_wconf 83' lang='lat' dir='ltr'><strong>Quo</strong></span> <span class='ocrx_word' id='word_1_52' title='bbox 479 975 688 1030; x_wconf 82' lang='lat' dir='ltr'><strong>fessum</strong></span> <span class='ocrx_word' id='word_1_53' title='bbox 710 975 921 1044; x_wconf 83' lang='lat' dir='ltr'><strong>rapitis,</strong></span> <span class='ocrx_word' id='word_1_54' title='bbox 949 974 1142 1056; x_wconf 70' lang='lat' dir='ltr'><strong>Fabii?</strong></span> <span class='ocrx_word' id='word_1_55' title='bbox 1182 961 1243 1030; x_wconf 71' lang='lat' dir='ltr'><strong>tu</strong></span> <span class='ocrx_word' id='word_1_56' title='bbox 1269 977 1549 1050; x_wconf 83' lang='lat' dir='ltr'><strong>Maximus</strong></span> <span class='ocrx_word' id='word_1_57' title='bbox 1572 977 1661 1032; x_wconf 87' lang='lat' dir='ltr'><strong>ille</strong></span> <span class='ocrx_word' id='word_1_58' title='bbox 1687 993 1761 1046; x_wconf 53' lang='lat' dir='ltr'><strong>ea</strong></span> <span class='ocrx_word' id='word_1_59' title='bbox 2262 985 2365 1036; x_wconf 81' lang='lat'><strong>845</strong></span> <span class='ocrx_word' id='word_1_60' title='bbox 2455 1001 2458 1004; x_wconf 94' lang='lat'>·</span> 
     </span>
     <span class='ocr_line' id='line_1_10' title="bbox 208 1058 1559 1130; baseline 0.004 -17"><span class='ocrx_word' id='word_1_61' title='bbox 208 1065 211 1067; x_wconf 82' lang='grc'><strong>’</strong></span> <span class='ocrx_word' id='word_1_62' title='bbox 331 1059 489 1114; x_wconf 88' lang='lat' dir='ltr'><strong>Unus</strong></span> <span class='ocrx_word' id='word_1_63' title='bbox 513 1061 606 1130; x_wconf 88' lang='lat' dir='ltr'><strong>qui</strong></span> <span class='ocrx_word' id='word_1_64' title='bbox 631 1062 790 1116; x_wconf 88' lang='lat' dir='ltr'><strong>nobis</strong></span> <span class='ocrx_word' id='word_1_65' title='bbox 815 1062 1128 1116; x_wconf 83' lang='lat' dir='ltr'><strong>cunctando</strong></span> <span class='ocrx_word' id='word_1_66' title='bbox 1153 1058 1559 1118; x_wconf 68' lang='lat' dir='ltr'><strong>restituis&#39;rem.</strong></span> 
     </span>
    </p>

    <p class='ocr_par' dir='ltr' id='par_1_9' title="bbox 329 1141 1541 1224">
     <span class='ocr_line' id='line_1_11' title="bbox 329 1141 1541 1224; baseline 0.005 -23"><span class='ocrx_word' id='word_1_67' title='bbox 329 1147 624 1218; x_wconf 77' lang='lat' dir='ltr'><strong>Excudent</strong></span> <span class='ocrx_word' id='word_1_68' title='bbox 649 1148 740 1224; x_wconf 82' lang='lat' dir='ltr'><strong>alii</strong></span> <span class='ocrx_word' id='word_1_69' title='bbox 765 1149 1034 1218; x_wconf 79' lang='lat' dir='ltr'><strong>spirantia</strong></span> <span class='ocrx_word' id='word_1_70' title='bbox 1059 1141 1449 1219; x_wconf 73' lang='lat' dir='ltr'><strong>molliusaera,</strong></span> <span class='ocrx_word' id='word_1_71' title='bbox 1538 1141 1541 1148; x_wconf 44' lang='lat'>¹</span> 
     </span>
    </p>

    <p class='ocr_par' dir='ltr' id='par_1_10' title="bbox 331 1234 1833 1309">
     <span class='ocr_line' id='line_1_12' title="bbox 331 1234 1833 1309; baseline 0.001 -19"><span class='ocrx_word' id='word_1_72' title='bbox 331 1234 512 1290; x_wconf 82' lang='lat' dir='ltr'>Orode</span> <span class='ocrx_word' id='word_1_73' title='bbox 535 1235 806 1305; x_wconf 80' lang='lat' dir='ltr'><strong>equidem,</strong></span> <span class='ocrx_word' id='word_1_74' title='bbox 831 1235 989 1290; x_wconf 80' lang='lat' dir='ltr'><strong>vivos</strong></span> <span class='ocrx_word' id='word_1_75' title='bbox 1012 1235 1217 1292; x_wconf 88' lang='lat' dir='ltr'><strong>ducent</strong></span> <span class='ocrx_word' id='word_1_76' title='bbox 1239 1237 1310 1292; x_wconf 86' lang='lat' dir='ltr'><strong>de</strong></span> <span class='ocrx_word' id='word_1_77' title='bbox 1332 1254 1609 1293; x_wconf 85' lang='lat' dir='ltr'><strong>marmore</strong></span> <span class='ocrx_word' id='word_1_78' title='bbox 1636 1239 1833 1309; x_wconf 81' lang='lat' dir='ltr'><strong>voltus,</strong></span> 
     </span>
    </p>

    <p class='ocr_par' dir='ltr' id='par_1_11' title="bbox 331 1320 1549 1394">
     <span class='ocr_line' id='line_1_13' title="bbox 331 1320 1549 1394; baseline 0.004 -20"><span class='ocrx_word' id='word_1_79' title='bbox 331 1320 586 1375; x_wconf 85' lang='lat' dir='ltr'><strong>Orabunt</strong></span> <span class='ocrx_word' id='word_1_80' title='bbox 611 1337 802 1376; x_wconf 80' lang='lat' dir='ltr'><strong>causas</strong></span> <span class='ocrx_word' id='word_1_81' title='bbox 827 1321 1038 1390; x_wconf 81' lang='lat' dir='ltr'><strong>melius,</strong></span> <span class='ocrx_word' id='word_1_82' title='bbox 1067 1323 1311 1394; x_wconf 83' lang='lat' dir='ltr'><strong>caelique</strong></span> <span class='ocrx_word' id='word_1_83' title='bbox 1335 1333 1549 1378; x_wconf 85' lang='lat' dir='ltr'><strong>meatus</strong></span> 
     </span>
    </p>

    <p class='ocr_par' dir='ltr' id='par_1_12' title="bbox 329 1407 2367 1478">
     <span class='ocr_line' id='line_1_14' title="bbox 329 1407 2367 1478; baseline 0.004 -17"><span class='ocrx_word' id='word_1_84' title='bbox 329 1407 659 1462; x_wconf 84' lang='lat' dir='ltr'><strong>Describent</strong></span> <span class='ocrx_word' id='word_1_85' title='bbox 681 1409 840 1462; x_wconf 86' lang='lat' dir='ltr'><strong>radio</strong></span> <span class='ocrx_word' id='word_1_86' title='bbox 865 1413 922 1462; x_wconf 88' lang='lat' dir='ltr'><strong>et</strong></span> <span class='ocrx_word' id='word_1_87' title='bbox 947 1411 1228 1478; x_wconf 80' lang='lat' dir='ltr'><strong>surgentis</strong></span> <span class='ocrx_word' id='word_1_88' title='bbox 1251 1410 1432 1466; x_wconf 87' lang='lat' dir='ltr'><strong>sidera</strong></span> <span class='ocrx_word' id='word_1_89' title='bbox 1456 1412 1669 1468; x_wconf 88' lang='lat' dir='ltr'><strong>dicent:</strong></span> <span class='ocrx_word' id='word_1_90' title='bbox 2264 1419 2367 1470; x_wconf 78' lang='lat'><strong>850</strong></span> 
     </span>
    </p>

    <p class='ocr_par' dir='ltr' id='par_1_13' title="bbox 330 1493 1913 1568">
     <span class='ocr_line' id='line_1_15' title="bbox 330 1493 1913 1568; baseline 0.004 -21"><span class='ocrx_word' id='word_1_91' title='bbox 330 1493 411 1548; x_wconf 86' lang='lat' dir='ltr'><strong>Tu</strong></span> <span class='ocrx_word' id='word_1_92' title='bbox 437 1510 626 1562; x_wconf 81' lang='lat' dir='ltr'><strong>regere</strong></span> <span class='ocrx_word' id='word_1_93' title='bbox 649 1495 883 1568; x_wconf 52' lang='lat' dir='ltr'><strong>imperio</strong></span> <span class='ocrx_word' id='word_1_94' title='bbox 907 1496 1158 1568; x_wconf 73' lang='lat' dir='ltr'><strong>populos,</strong></span> <span class='ocrx_word' id='word_1_95' title='bbox 1189 1497 1457 1566; x_wconf 86' lang='lat' dir='ltr'><strong>Romane,</strong></span> <span class='ocrx_word' id='word_1_96' title='bbox 1482 1506 1802 1567; x_wconf 78' lang='lat' dir='ltr'><strong>mement03</strong></span> <span class='ocrx_word' id='word_1_97' title='bbox 1905 1551 1913 1561; x_wconf 84' lang='lat'><strong>,</strong></span> 
     </span>
    </p>

    <p class='ocr_par' dir='ltr' id='par_1_14' title="bbox 329 1575 1951 1657">
     <span class='ocr_line' id='line_1_16' title="bbox 329 1575 1951 1657; baseline 0.002 -21"><span class='ocrx_word' id='word_1_98' title='bbox 329 1581 450 1636; x_wconf 85' lang='lat' dir='ltr'><strong>Hae</strong></span> <span class='ocrx_word' id='word_1_99' title='bbox 475 1582 576 1636; x_wconf 87' lang='lat' dir='ltr'><strong>tibi</strong></span> <span class='ocrx_word' id='word_1_100' title='bbox 602 1587 766 1636; x_wconf 84' lang='lat' dir='ltr'><strong>erunt</strong></span> <span class='ocrx_word' id='word_1_101' title='bbox 789 1588 968 1649; x_wconf 85' lang='lat' dir='ltr'><strong>artes;</strong></span> <span class='ocrx_word' id='word_1_102' title='bbox 1011 1585 1270 1654; x_wconf 82' lang='lat' dir='ltr'><strong>pacisque</strong></span> <span class='ocrx_word' id='word_1_103' title='bbox 1293 1586 1582 1655; x_wconf 86' lang='lat' dir='ltr'><strong>imponere</strong></span> <span class='ocrx_word' id='word_1_104' title='bbox 1608 1603 1835 1657; x_wconf 88' lang='lat' dir='ltr'><strong>morem,</strong></span> <span class='ocrx_word' id='word_1_105' title='bbox 1898 1601 1920 1618; x_wconf 40' lang='grc' dir='ltr'><em>Α</em></span> <span class='ocrx_word' id='word_1_106' title='bbox 1944 1575 1951 1586; x_wconf 75' lang='grc'><strong>’</strong></span> 
     </span>
    </p>

    <p class='ocr_par' dir='ltr' id='par_1_15' title="bbox 328 1661 1603 1754">
     <span class='ocr_line' id='line_1_17' title="bbox 328 1661 1603 1754; baseline 0.005 -31"><span class='ocrx_word' id='word_1_107' title='bbox 328 1668 566 1748; x_wconf 77' lang='lat' dir='ltr'><strong>Parcere</strong></span> <span class='ocrx_word' id='word_1_108' title='bbox 589 1669 866 1740; x_wconf 76' lang='lat' dir='ltr'><strong>subiectis,</strong></span> <span class='ocrx_word' id='word_1_109' title='bbox 895 1676 952 1724; x_wconf 87' lang='lat' dir='ltr'><strong>et</strong></span> <span class='ocrx_word' id='word_1_110' title='bbox 977 1670 1255 1726; x_wconf 83' lang='lat' dir='ltr'><strong>debellare</strong></span> <span class='ocrx_word' id='word_1_111' title='bbox 1281 1661 1603 1754; x_wconf 43' lang='lat' dir='ltr'><strong>superbos?</strong></span> 
     </span>
    </p>

    <p class='ocr_par' dir='ltr' id='par_1_16' title="bbox 400 1755 1895 1826">
     <span class='ocr_line' id='line_1_18' title="bbox 400 1755 1895 1826; baseline 0.005 -18"><span class='ocrx_word' id='word_1_112' title='bbox 400 1755 488 1809; x_wconf 88' lang='lat' dir='ltr'><strong>Sic</strong></span> <span class='ocrx_word' id='word_1_113' title='bbox 511 1761 669 1825; x_wconf 87' lang='lat' dir='ltr'><strong>pater</strong></span> <span class='ocrx_word' id='word_1_114' title='bbox 693 1755 980 1824; x_wconf 84' lang='lat' dir='ltr'><strong>Anchises,</strong></span> <span class='ocrx_word' id='word_1_115' title='bbox 1011 1762 1176 1826; x_wconf 87' lang='lat' dir='ltr'><strong>atque</strong></span> <span class='ocrx_word' id='word_1_116' title='bbox 1201 1758 1338 1812; x_wconf 87' lang='lat' dir='ltr'><strong>haec</strong></span> <span class='ocrx_word' id='word_1_117' title='bbox 1359 1759 1690 1814; x_wconf 82' lang='lat' dir='ltr'><strong>mirantibus</strong></span> <span class='ocrx_word' id='word_1_118' title='bbox 1714 1761 1895 1816; x_wconf 83' lang='lat' dir='ltr'><strong>addit:</strong></span> 
     </span>
    </p>

    <p class='ocr_par' dir='ltr' id='par_1_17' title="bbox 333 1843 2364 1916">
     <span class='ocr_line' id='line_1_19' title="bbox 333 1843 2364 1916; baseline 0.004 -20"><span class='ocrx_word' id='word_1_119' title='bbox 333 1844 366 1873; x_wconf 92' lang='lat'><strong>“</strong></span> <span class='ocrx_word' id='word_1_120' title='bbox 385 1843 603 1913; x_wconf 82' lang='lat' dir='ltr'><strong>Aspice,</strong></span> <span class='ocrx_word' id='word_1_121' title='bbox 633 1847 695 1896; x_wconf 86' lang='lat' dir='ltr'><strong>ut</strong></span> <span class='ocrx_word' id='word_1_122' title='bbox 718 1843 948 1912; x_wconf 86' lang='lat' dir='ltr'><strong>insignis</strong></span> <span class='ocrx_word' id='word_1_123' title='bbox 975 1844 1166 1912; x_wconf 85' lang='lat' dir='ltr'><strong>spoliis</strong></span> <span class='ocrx_word' id='word_1_124' title='bbox 1191 1843 1488 1900; x_wconf 81' lang='lat' dir='ltr'><strong>Marcellus</strong></span> <span class='ocrx_word' id='word_1_125' title='bbox 1514 1849 1714 1916; x_wconf 72' lang='lat' dir='ltr'><strong>opimis</strong></span> <span class='ocrx_word' id='word_1_126' title='bbox 2262 1853 2364 1904; x_wconf 76' lang='lat'><strong>855</strong></span> 
     </span>
    </p>

    <p class='ocr_par' dir='ltr' id='par_1_18' title="bbox 328 1928 1785 2000">
     <span class='ocr_line' id='line_1_20' title="bbox 328 1928 1785 2000; baseline 0.003 -17"><span class='ocrx_word' id='word_1_127' title='bbox 328 1928 658 1999; x_wconf 82' lang='lat' dir='ltr'><strong>Ingreditur,</strong></span> <span class='ocrx_word' id='word_1_128' title='bbox 687 1931 976 2000; x_wconf 83' lang='lat' dir='ltr'><strong>victorque</strong></span> <span class='ocrx_word' id='word_1_129' title='bbox 1003 1930 1153 1984; x_wconf 90' lang='lat' dir='ltr'><strong>viros</strong></span> <span class='ocrx_word' id='word_1_130' title='bbox 1180 1933 1553 2000; x_wconf 79' lang='lat' dir='ltr'><strong>supereminet</strong></span> <span class='ocrx_word' id='word_1_131' title='bbox 1578 1935 1785 1988; x_wconf 83' lang='lat' dir='ltr'><strong>omnis!</strong></span> 
     </span>
    </p>

    <p class='ocr_par' dir='ltr' id='par_1_19' title="bbox 329 2017 1726 2089">
     <span class='ocr_line' id='line_1_21' title="bbox 329 2017 1726 2089; baseline 0.002 -17"><span class='ocrx_word' id='word_1_132' title='bbox 329 2017 434 2072; x_wconf 85' lang='lat' dir='ltr'><strong>Hic</strong></span> <span class='ocrx_word' id='word_1_133' title='bbox 459 2034 576 2072; x_wconf 92' lang='lat' dir='ltr'><strong>rem</strong></span> <span class='ocrx_word' id='word_1_134' title='bbox 603 2017 925 2086; x_wconf 81' lang='lat' dir='ltr'><strong>Romanam,</strong></span> <span class='ocrx_word' id='word_1_135' title='bbox 952 2034 1154 2086; x_wconf 81' lang='lat' dir='ltr'><strong>magno</strong></span> <span class='ocrx_word' id='word_1_136' title='bbox 1182 2019 1443 2078; x_wconf 81' lang='lat' dir='ltr'><strong>turbante</strong></span> <span class='ocrx_word' id='word_1_137' title='bbox 1469 2021 1726 2089; x_wconf 78' lang='lat' dir='ltr'><strong>tumultu,</strong></span> 
     </span>
    </p>

    <p class='ocr_par' dir='ltr' id='par_1_20' title="bbox 329 2103 1853 2178">
     <span class='ocr_line' id='line_1_22' title="bbox 329 2103 1853 2178; baseline 0.002 -18"><span class='ocrx_word' id='word_1_138' title='bbox 329 2103 514 2174; x_wconf 84' lang='lat' dir='ltr'><strong>Sistet,</strong></span> <span class='ocrx_word' id='word_1_139' title='bbox 545 2121 708 2174; x_wconf 86' lang='lat' dir='ltr'><strong>eques</strong></span> <span class='ocrx_word' id='word_1_140' title='bbox 731 2110 942 2172; x_wconf 79' lang='lat' dir='ltr'><strong>sternet</strong></span> <span class='ocrx_word' id='word_1_141' title='bbox 967 2106 1190 2160; x_wconf 84' lang='lat' dir='ltr'><strong>Poenos</strong></span> <span class='ocrx_word' id='word_1_142' title='bbox 1219 2105 1547 2176; x_wconf 86' lang='lat' dir='ltr'><strong>Gallumque</strong></span> <span class='ocrx_word' id='word_1_143' title='bbox 1572 2108 1853 2178; x_wconf 84' lang='lat' dir='ltr'><strong>rebellem,</strong></span> 
     </span>
    </p>

    <p class='ocr_par' dir='ltr' id='par_1_21' title="bbox 329 2177 1792 2272">
     <span class='ocr_line' id='line_1_23' title="bbox 329 2177 1792 2272; baseline 0.002 -26"><span class='ocrx_word' id='word_1_144' title='bbox 329 2183 622 2262; x_wconf 69' lang='lat' dir='ltr'><strong>Tertiail&#39;ue</strong></span> <span class='ocrx_word' id='word_1_145' title='bbox 647 2207 800 2246; x_wconf 82' lang='lat' dir='ltr'><strong>arma</strong></span> <span class='ocrx_word' id='word_1_146' title='bbox 824 2193 968 2262; x_wconf 88' lang='lat' dir='ltr'><strong>patri</strong></span> <span class='ocrx_word' id='word_1_147' title='bbox 993 2193 1293 2272; x_wconf 77' lang='lat' dir='ltr'><strong>suspendet</strong></span> <span class='ocrx_word' id='word_1_148' title='bbox 1317 2177 1478 2262; x_wconf 73' lang='lat' dir='ltr'><strong>capta</strong></span> <span class='ocrx_word' id='word_1_149' title='bbox 1504 2194 1792 2272; x_wconf 63' lang='lat' dir='ltr'><strong>QuirinoJ&#39;</strong></span> 
     </span>
    </p>

    <p class='ocr_par' dir='ltr' id='par_1_22' title="bbox 329 2279 2363 2350">
     <span class='ocr_line' id='line_1_24' title="bbox 329 2279 2363 2350; baseline 0.002 -18"><span class='ocrx_word' id='word_1_150' title='bbox 329 2279 517 2348; x_wconf 84' lang='lat' dir='ltr'><strong>Atque</strong></span> <span class='ocrx_word' id='word_1_151' title='bbox 542 2279 634 2334; x_wconf 87' lang='lat' dir='ltr'><strong>hic</strong></span> <span class='ocrx_word' id='word_1_152' title='bbox 658 2280 912 2349; x_wconf 58' lang='lat' dir='ltr'><strong>Aenea-⁰03</strong></span> <span class='ocrx_word' id='word_1_153' title='bbox 951 2298 1064 2336; x_wconf 85' lang='lat' dir='ltr'><strong>nna</strong></span> <span class='ocrx_word' id='word_1_154' title='bbox 1089 2297 1326 2350; x_wconf 86' lang='lat' dir='ltr'><strong>namque</strong></span> <span class='ocrx_word' id='word_1_155' title='bbox 1349 2281 1433 2336; x_wconf 88' lang='lat' dir='ltr'><strong>ire</strong></span> <span class='ocrx_word' id='word_1_156' title='bbox 1459 2281 1683 2350; x_wconf 81' lang='lat' dir='ltr'><strong>videbat</strong></span> <span class='ocrx_word' id='word_1_157' title='bbox 2260 2287 2363 2336; x_wconf 83' lang='grc'><strong>860</strong></span> 
     </span>
    </p>

    <p class='ocr_par' dir='ltr' id='par_1_23' title="bbox 328 2365 1757 2435">
     <span class='ocr_line' id='line_1_25' title="bbox 328 2365 1757 2435; baseline 0.002 -16"><span class='ocrx_word' id='word_1_158' title='bbox 328 2365 625 2434; x_wconf 82' lang='lat' dir='ltr'><strong>Egregium</strong></span> <span class='ocrx_word' id='word_1_159' title='bbox 649 2367 834 2422; x_wconf 80' lang='lat' dir='ltr'><strong>forma</strong></span> <span class='ocrx_word' id='word_1_160' title='bbox 857 2369 1112 2422; x_wconf 81' lang='lat' dir='ltr'><strong>iuvenem</strong></span> <span class='ocrx_word' id='word_1_161' title='bbox 1137 2373 1196 2422; x_wconf 88' lang='lat' dir='ltr'><strong>et</strong></span> <span class='ocrx_word' id='word_1_162' title='bbox 1216 2366 1555 2435; x_wconf 85' lang='lat' dir='ltr'><strong>fulgentibus</strong></span> <span class='ocrx_word' id='word_1_163' title='bbox 1574 2369 1757 2434; x_wconf 85' lang='lat' dir='ltr'><strong>armis,</strong></span> 
     </span>
    </p>

    <p class='ocr_par' dir='ltr' id='par_1_24' title="bbox 329 2451 1794 2534">
     <span class='ocr_line' id='line_1_26' title="bbox 329 2451 1794 2534; baseline 0.003 -28"><span class='ocrx_word' id='word_1_164' title='bbox 329 2451 438 2507; x_wconf 82' lang='lat' dir='ltr'><strong>Sed</strong></span> <span class='ocrx_word' id='word_1_165' title='bbox 459 2454 620 2522; x_wconf 79' lang='lat' dir='ltr'><strong>frons</strong></span> <span class='ocrx_word' id='word_1_166' title='bbox 643 2454 791 2508; x_wconf 88' lang='lat' dir='ltr'><strong>laeta</strong></span> <span class='ocrx_word' id='word_1_167' title='bbox 815 2471 1026 2525; x_wconf 86' lang='lat' dir='ltr'><strong>parum,</strong></span> <span class='ocrx_word' id='word_1_168' title='bbox 1055 2460 1112 2509; x_wconf 90' lang='lat' dir='ltr'><strong>et</strong></span> <span class='ocrx_word' id='word_1_169' title='bbox 1137 2454 1348 2513; x_wconf 82' lang='lat' dir='ltr'><strong>deiecto</strong></span> <span class='ocrx_word' id='word_1_170' title='bbox 1374 2454 1580 2508; x_wconf 86' lang='lat' dir='ltr'><strong>lumina</strong></span> <span class='ocrx_word' id='word_1_171' title='bbox 1588 2455 1794 2534; x_wconf 56' lang='lat' dir='ltr'><strong>yoltu:</strong></span> 
     </span>
    </p>

    <p class='ocr_par' dir='ltr' id='par_1_25' title="bbox 332 2540 1925 2611">
     <span class='ocr_line' id='line_1_27' title="bbox 332 2540 1925 2611; baseline 0.001 -17"><span class='ocrx_word' id='word_1_172' title='bbox 332 2543 367 2570; x_wconf 75' lang='lat'><strong>‘⁴</strong></span> <span class='ocrx_word' id='word_1_173' title='bbox 389 2540 538 2610; x_wconf 85' lang='lat' dir='ltr'><strong>Quis,</strong></span> <span class='ocrx_word' id='word_1_174' title='bbox 566 2549 740 2611; x_wconf 87' lang='lat' dir='ltr'><strong>pater,</strong></span> <span class='ocrx_word' id='word_1_175' title='bbox 770 2542 878 2611; x_wconf 89' lang='lat' dir='ltr'><strong>ille,</strong></span> <span class='ocrx_word' id='word_1_176' title='bbox 908 2543 1088 2596; x_wconf 81' lang='lat' dir='ltr'><strong>virum</strong></span> <span class='ocrx_word' id='word_1_177' title='bbox 1115 2541 1211 2611; x_wconf 87' lang='lat' dir='ltr'><strong>qui</strong></span> <span class='ocrx_word' id='word_1_178' title='bbox 1239 2541 1318 2596; x_wconf 86' lang='lat' dir='ltr'><strong>sic</strong></span> <span class='ocrx_word' id='word_1_179' title='bbox 1343 2543 1641 2601; x_wconf 82' lang='lat' dir='ltr'><strong>comitatur</strong></span> <span class='ocrx_word' id='word_1_180' title='bbox 1666 2542 1925 2596; x_wconf 64' lang='lat' dir='ltr'><strong>euntem?</strong></span> 
     </span>
    </p>

    <p class='ocr_par' dir='ltr' id='par_1_26' title="bbox 329 2626 1817 2702">
     <span class='ocr_line' id='line_1_28' title="bbox 329 2626 1817 2702; baseline 0.001 -22"><span class='ocrx_word' id='word_1_181' title='bbox 329 2627 515 2702; x_wconf 73' lang='lat' dir='ltr'><strong>Filius,</strong></span> <span class='ocrx_word' id='word_1_182' title='bbox 545 2645 684 2684; x_wconf 84' lang='lat' dir='ltr'><strong>anne</strong></span> <span class='ocrx_word' id='word_1_183' title='bbox 705 2629 905 2699; x_wconf 70' lang='lat' dir='ltr'><strong>aliquis</strong></span> <span class='ocrx_word' id='word_1_184' title='bbox 927 2645 1128 2698; x_wconf 78' lang='lat' dir='ltr'><strong>magna</strong></span> <span class='ocrx_word' id='word_1_185' title='bbox 1149 2628 1220 2683; x_wconf 85' lang='lat' dir='ltr'><strong>de</strong></span> <span class='ocrx_word' id='word_1_186' title='bbox 1245 2629 1417 2700; x_wconf 83' lang='lat' dir='ltr'><strong>stirpe</strong></span> <span class='ocrx_word' id='word_1_187' title='bbox 1442 2629 1741 2697; x_wconf 70' lang='lat' dir='ltr'><strong>nepotum?</strong></span> <span class='ocrx_word' id='word_1_188' title='bbox 1804 2626 1817 2650; x_wconf 89' lang='lat'>‘</span> 
     </span>
    </p>

    <p class='ocr_par' dir='ltr' id='par_1_27' title="bbox 331 2709 2358 2802">
     <span class='ocr_line' id='line_1_29' title="bbox 331 2709 2358 2802; baseline 0 -35"><span class='ocrx_word' id='word_1_189' title='bbox 331 2713 468 2779; x_wconf 81' lang='lat' dir='ltr'><strong>Quis</strong></span> <span class='ocrx_word' id='word_1_190' title='bbox 489 2715 751 2802; x_wconf 62' lang='lat' dir='ltr'><strong>strepitus</strong></span> <span class='ocrx_word' id='word_1_191' title='bbox 777 2717 924 2771; x_wconf 88' lang='lat' dir='ltr'><strong>circa</strong></span> <span class='ocrx_word' id='word_1_192' title='bbox 947 2709 1238 2784; x_wconf 74' lang='lat' dir='ltr'><strong>comituml</strong></span> <span class='ocrx_word' id='word_1_193' title='bbox 1281 2721 1547 2786; x_wconf 83' lang='lat' dir='ltr'><strong>quantum</strong></span> <span class='ocrx_word' id='word_1_194' title='bbox 1572 2715 1749 2768; x_wconf 83' lang='lat' dir='ltr'><strong>instar</strong></span> <span class='ocrx_word' id='word_1_195' title='bbox 1772 2715 1831 2767; x_wconf 89' lang='lat' dir='ltr'><strong>in</strong></span> <span class='ocrx_word' id='word_1_196' title='bbox 1854 2713 2002 2782; x_wconf 73' lang='lat' dir='ltr'><strong>ipso!</strong></span> <span class='ocrx_word' id='word_1_197' title='bbox 2256 2716 2358 2768; x_wconf 80' lang='lat'><strong>865</strong></span> 
     </span>
    </p>

    <p class='ocr_par' dir='ltr' id='par_1_28' title="bbox 331 2800 1751 2872">
     <span class='ocr_line' id='line_1_30' title="bbox 331 2800 1751 2872; baseline 0 -18"><span class='ocrx_word' id='word_1_198' title='bbox 331 2800 440 2854; x_wconf 88' lang='lat' dir='ltr'><strong>Sed</strong></span> <span class='ocrx_word' id='word_1_199' title='bbox 463 2817 578 2856; x_wconf 85' lang='lat' dir='ltr'><strong>nox</strong></span> <span class='ocrx_word' id='word_1_200' title='bbox 601 2800 724 2858; x_wconf 67' lang='lat' dir='ltr'><strong>at‘ra</strong></span> <span class='ocrx_word' id='word_1_201' title='bbox 747 2808 914 2872; x_wconf 87' lang='lat' dir='ltr'><strong>caput</strong></span> <span class='ocrx_word' id='word_1_202' title='bbox 936 2803 1084 2859; x_wconf 86' lang='lat' dir='ltr'><strong>tristi</strong></span> <span class='ocrx_word' id='word_1_203' title='bbox 1107 2803 1473 2859; x_wconf 78' lang='lat' dir='ltr'><strong>circumvolat</strong></span> <span class='ocrx_word' id='word_1_204' title='bbox 1498 2801 1751 2854; x_wconf 81' lang='lat' dir='ltr'><strong>umbra.”</strong></span> 
     </span>
    </p>

    <p class='ocr_par' dir='ltr' id='par_1_29' title="bbox 329 2884 1793 2959">
     <span class='ocr_line' id='line_1_31' title="bbox 329 2884 1793 2959; baseline 0.001 -19"><span class='ocrx_word' id='word_1_205' title='bbox 329 2887 468 2942; x_wconf 88' lang='lat' dir='ltr'><strong>Tum</strong></span> <span class='ocrx_word' id='word_1_206' title='bbox 493 2897 650 2958; x_wconf 87' lang='lat' dir='ltr'><strong>pater</strong></span> <span class='ocrx_word' id='word_1_207' title='bbox 675 2890 960 2959; x_wconf 84' lang='lat' dir='ltr'><strong>Anchises,</strong></span> <span class='ocrx_word' id='word_1_208' title='bbox 988 2888 1228 2945; x_wconf 87' lang='lat' dir='ltr'><strong>lacrimis</strong></span> <span class='ocrx_word' id='word_1_209' title='bbox 1252 2891 1529 2958; x_wconf 80' lang='lat' dir='ltr'><strong>ingressus</strong></span> <span class='ocrx_word' id='word_1_210' title='bbox 1552 2884 1793 2943; x_wconf 79' lang='lat' dir='ltr'><strong>obortis:</strong></span> 
     </span>
    </p>

    <p class='ocr_par' dir='ltr' id='par_1_30' title="bbox 333 2967 1759 3046">
     <span class='ocr_line' id='line_1_32' title="bbox 333 2967 1759 3046; baseline 0 -16"><span class='ocrx_word' id='word_1_211' title='bbox 333 2978 368 3004; x_wconf 89' lang='grc'>“</span> <span class='ocrx_word' id='word_1_212' title='bbox 381 2975 429 3029; x_wconf 93' lang='grc' dir='ltr'>Ο</span> <span class='ocrx_word' id='word_1_213' title='bbox 455 2984 600 3043; x_wconf 86' lang='lat' dir='ltr'><strong>nate,</strong></span> <span class='ocrx_word' id='word_1_214' title='bbox 629 2977 910 3046; x_wconf 78' lang='lat' dir='ltr'><strong>ingentem</strong></span> <span class='ocrx_word' id='word_1_215' title='bbox 933 2977 1142 3036; x_wconf 84' lang='lat' dir='ltr'><strong>luctum</strong></span> <span class='ocrx_word' id='word_1_216' title='bbox 1167 2994 1239 3031; x_wconf 90' lang='lat' dir='ltr'><strong>ne</strong></span> <span class='ocrx_word' id='word_1_217' title='bbox 1265 2993 1465 3046; x_wconf 83' lang='lat' dir='ltr'><strong>quaere</strong></span> <span class='ocrx_word' id='word_1_218' title='bbox 1493 2967 1717 3032; x_wconf 83' lang='lat' dir='ltr'><strong>tuorum</strong></span> <span class='ocrx_word' id='word_1_219' title='bbox 1744 2995 1759 3044; x_wconf 72' lang='grc' dir='ltr'><strong>ς</strong></span> 
     </span>
    </p>

    <p class='ocr_par' dir='ltr' id='par_1_31' title="bbox 330 3061 1783 3133">
     <span class='ocr_line' id='line_1_33' title="bbox 330 3061 1783 3133; baseline 0.001 -17"><span class='ocrx_word' id='word_1_220' title='bbox 330 3061 642 3118; x_wconf 87' lang='lat' dir='ltr'><strong>Ostendent</strong></span> <span class='ocrx_word' id='word_1_221' title='bbox 664 3065 830 3118; x_wconf 81' lang='lat' dir='ltr'><strong>terris</strong></span> <span class='ocrx_word' id='word_1_222' title='bbox 849 3064 998 3118; x_wconf 89' lang='lat' dir='ltr'><strong>hunc</strong></span> <span class='ocrx_word' id='word_1_223' title='bbox 1023 3071 1238 3118; x_wconf 86' lang='lat' dir='ltr'><strong>tantum</strong></span> <span class='ocrx_word' id='word_1_224' title='bbox 1266 3063 1402 3133; x_wconf 74' lang='lat' dir='ltr'><strong>fata,</strong></span> <span class='ocrx_word' id='word_1_225' title='bbox 1432 3077 1609 3131; x_wconf 85' lang='lat' dir='ltr'><strong>neque</strong></span> <span class='ocrx_word' id='word_1_226' title='bbox 1634 3062 1783 3128; x_wconf 82' lang='lat' dir='ltr'><strong>ultra</strong></span> 
     </span>
    </p>

    <p class='ocr_par' dir='ltr' id='par_1_32' title="bbox 327 3149 2359 3217">
     <span class='ocr_line' id='line_1_34' title="bbox 327 3149 2359 3217; baseline -0.001 -15"><span class='ocrx_word' id='word_1_227' title='bbox 327 3149 461 3205; x_wconf 87' lang='lat' dir='ltr'><strong>Esse</strong></span> <span class='ocrx_word' id='word_1_228' title='bbox 484 3151 684 3206; x_wconf 86' lang='lat' dir='ltr'><strong>sinent.</strong></span> <span class='ocrx_word' id='word_1_229' title='bbox 760 3149 1008 3204; x_wconf 86' lang='lat' dir='ltr'><strong>Nimium</strong></span> <span class='ocrx_word' id='word_1_230' title='bbox 1033 3151 1190 3205; x_wconf 83' lang='lat' dir='ltr'><strong>vobis</strong></span> <span class='ocrx_word' id='word_1_231' title='bbox 1215 3151 1467 3204; x_wconf 87' lang='lat' dir='ltr'><strong>Romana</strong></span> <span class='ocrx_word' id='word_1_232' title='bbox 1488 3164 1739 3217; x_wconf 78' lang='lat' dir='ltr'><strong>propago</strong></span> <span class='ocrx_word' id='word_1_233' title='bbox 2256 3149 2359 3204; x_wconf 80' lang='lat'><strong>870</strong></span> 
     </span>
    </p>

    <p class='ocr_par' dir='ltr' id='par_1_33' title="bbox 327 3235 1891 3310">
     <span class='ocr_line' id='line_1_35' title="bbox 327 3235 1891 3310; baseline 0 -19"><span class='ocrx_word' id='word_1_234' title='bbox 327 3235 466 3291; x_wconf 88' lang='lat' dir='ltr'><strong>Visa</strong></span> <span class='ocrx_word' id='word_1_235' title='bbox 489 3243 705 3306; x_wconf 88' lang='lat' dir='ltr'><strong>potens,</strong></span> <span class='ocrx_word' id='word_1_236' title='bbox 735 3237 958 3310; x_wconf 66' lang='lat' dir='ltr'><strong>Superi,</strong></span> <span class='ocrx_word' id='word_1_237' title='bbox 981 3237 1207 3305; x_wconf 87' lang='lat' dir='ltr'><strong>propria</strong></span> <span class='ocrx_word' id='word_1_238' title='bbox 1230 3236 1369 3290; x_wconf 88' lang='lat' dir='ltr'><strong>haec</strong></span> <span class='ocrx_word' id='word_1_239' title='bbox 1394 3235 1615 3289; x_wconf 59' lang='lat' dir='ltr'><strong>si⁸dona</strong></span> <span class='ocrx_word' id='word_1_240' title='bbox 1638 3236 1891 3291; x_wconf 82' lang='lat' dir='ltr'><strong>fuissent.</strong></span> 
     </span>
    </p>

    <p class='ocr_par' dir='ltr' id='par_1_34' title="bbox 329 3321 1789 3390">
     <span class='ocr_line' id='line_1_36' title="bbox 329 3321 1789 3390; baseline 0 -12"><span class='ocrx_word' id='word_1_241' title='bbox 329 3323 580 3388; x_wconf 79' lang='lat' dir='ltr'><strong>Quantos</strong></span> <span class='ocrx_word' id='word_1_242' title='bbox 605 3323 700 3377; x_wconf 88' lang='lat' dir='ltr'><strong>ille</strong></span> <span class='ocrx_word' id='word_1_243' title='bbox 727 3324 901 3376; x_wconf 87' lang='lat' dir='ltr'><strong>virum</strong></span> <span class='ocrx_word' id='word_1_244' title='bbox 925 3338 1180 3390; x_wconf 81' lang='lat' dir='ltr'><strong>magnam</strong></span> <span class='ocrx_word' id='word_1_245' title='bbox 1204 3321 1475 3377; x_wconf 81' lang='lat' dir='ltr'><strong>Mavortis</strong></span> <span class='ocrx_word' id='word_1_246' title='bbox 1500 3322 1569 3376; x_wconf 89' lang='lat' dir='ltr'><strong>ad</strong></span> <span class='ocrx_word' id='word_1_247' title='bbox 1596 3323 1789 3378; x_wconf 85' lang='lat' dir='ltr'><strong>urbem</strong></span> 
     </span>
    </p>

    <p class='ocr_par' dir='ltr' id='par_1_35' title="bbox 331 3408 1875 3478">
     <span class='ocr_line' id='line_1_37' title="bbox 331 3408 1875 3478; baseline 0.001 -15"><span class='ocrx_word' id='word_1_248' title='bbox 331 3409 568 3478; x_wconf 83' lang='lat' dir='ltr'><strong>Campus</strong></span> <span class='ocrx_word' id='word_1_249' title='bbox 593 3416 720 3478; x_wconf 71' lang='lat' dir='ltr'><strong>aget</strong></span> <span class='ocrx_word' id='word_1_250' title='bbox 743 3409 1014 3477; x_wconf 56' lang='lat' dir='ltr'><strong>gemitus!</strong></span> <span class='ocrx_word' id='word_1_251' title='bbox 1058 3408 1144 3462; x_wconf 87' lang='lat' dir='ltr'><strong>vel</strong></span> <span class='ocrx_word' id='word_1_252' title='bbox 1170 3425 1326 3478; x_wconf 83' lang='lat' dir='ltr'><strong>qnae,</strong></span> <span class='ocrx_word' id='word_1_253' title='bbox 1355 3408 1629 3476; x_wconf 83' lang='lat' dir='ltr'><strong>Tiberine,</strong></span> <span class='ocrx_word' id='word_1_254' title='bbox 1660 3409 1875 3465; x_wconf 88' lang='lat' dir='ltr'><strong>videbis</strong></span> 
     </span>
    </p>

    <p class='ocr_par' dir='ltr' id='par_1_36' title="bbox 327 3487 1785 3570">
     <span class='ocr_line' id='line_1_38' title="bbox 327 3487 1785 3570; baseline 0.003 -22"><span class='ocrx_word' id='word_1_255' title='bbox 327 3491 562 3554; x_wconf 81' lang='lat' dir='ltr'><strong>Funera.</strong></span> <span class='ocrx_word' id='word_1_256' title='bbox 591 3512 714 3548; x_wconf 85' lang='lat' dir='ltr'><strong>cum</strong></span> <span class='ocrx_word' id='word_1_257' title='bbox 741 3495 1012 3550; x_wconf 86' lang='lat' dir='ltr'><strong>tumulum</strong></span> <span class='ocrx_word' id='word_1_258' title='bbox 1039 3495 1445 3570; x_wconf 79' lang='lat' dir='ltr'><strong>praeterlabere</strong></span> <span class='ocrx_word' id='word_1_259' title='bbox 1470 3487 1785 3553; x_wconf 73' lang='lat' dir='ltr'><strong>recentem!</strong></span> 
     </span>
    </p>
   </div>
  </div>
 </body>
</html>
