2725 3892
969 201 1242 252 VERGILI
1287 200 1617 250 AENEIDOS
1661 199 1801 250 vm.

361 359 724 427 Addiderunt,
758 358 910 413 rutili
945 361 1047 414 tris
1073 359 1212 426 ignis
1237 367 1294 414 et
1319 361 1467 414 alitis
1495 360 1718 429 Austri;

357 445 624 514 Fulgores
647 460 795 499 nunc
817 445 1090 499 terrificos
1114 447 1457 515 sonitumque
1472 451 1801 534 {metumque

359 532 666 586 Miscebant
687 532 840 600 operi
864 531 1204 601 flammisque
1230 532 1556 601 sequacibus
1579 533 1705 586 iras.

359 617 528 672 Parte
553 615 659 672 alia
681 617 850 672 Marti
873 635 1203 687 currumque
1239 625 1497 687 rotasque
1523 618 1763 672 volucris

358 705 660 775 Instabant,
688 705 887 775 OEfflms
911 705 1006 759 ille
1033 705 1194 770 viros,
1227 707 1428 774 quibus
1456 705 1661 760 excitat
1684 705 1888 770 ιιι-δοες

360 791 678 862 Aegideque
702 783 1045 860 horriferum,
1078 793 1336 848 turbatae
1360 792 1599 846 Palladis
1624 809 1790 860 arma,

359 879 627 933 Certatim
651 879 892 949 squamis
915 884 1234 947 serpentum
1261 894 1503 948 auroque
1524 879 1788 947 polibant,

359 966 720 1036 Conexosque
742 968 938 1036 anguis
959 968 1244 1036 ipsamque
1270 965 1327 1019 in
1353 971 1579 1034 pectore
1604 965 1763 1020 divae

358 1053 640 1122 Gorgona,
669 1053 890 1108 desecto
914 1059 1225 1108 vertentem
1258 1052 1471 1106 lumina
1494 1051 1651 1106 colle.

362 1140 394 1168 ‘⁴
412 1139 611 1194 Tollite
636 1139 887 1208 cuncts‚”
911 1140 1110 1210 inquit,
1143 1141 1178 1170 ‘⁶
1194 1147 1527 1210 coeptusque
1556 1138 1771 1194 auferte
1796 1138 2029 1206 labores,

358 1226 593 1280 Aetnaei
620 1225 904 1296 Cyclopes,
934 1233 991 1281 et
1013 1227 1161 1282 hunc
1187 1227 1463 1281 advertite
1490 1231 1766 1279 mentem:

359 1315 534 1368 Arma
557 1315 668 1369 acri
691 1314 942 1368 facienda
966 1314 1103 1368 viro.
1180 1311 1344 1368 Nunc
1374 1311 1587 1366 viribus
1610 1327 1755 1380 usus,

359 1399 522 1454 Nunc
543 1401 799 1454 manibus
823 1400 1039 1470 rapidis,
1068 1399 1218 1454 omni
1245 1415 1391 1454 nunc
1417 1405 1535 1454 arte
1561 1399 1837 1468 magistra.

358 1485 722 1556 Praecipitate
744 1486 982 1540 moras.”
1057 1485 1176 1540 Nec
1199 1485 1359 1556 plura
1389 1485 1613 1552 effatus;
1656 1489 1715 1541 at
1748 1485 1830 1540 illi

358 1573 527 1628 Ocius
549 1573 849 1628 incubuere
873 1589 1066 1626 omnes
1089 1573 1405 1642 pariterque
1437 1573 1679 1629 laborem

357 1659 568 1714 Sortiti.
642 1659 790 1713 Fluit
817 1675 910 1713 aes
933 1659 1066 1712 rivis
1089 1659 1314 1728 aurique
1339 1659 1641 1728 metallum,

357 1745 774 1816 volnificusque
799 1743 1026 1812 chalybs
1048 1753 1206 1800 vasta
1228 1747 1455 1804 fornace
1487 1748 1757 1818 liquescit.

357 1832 642 1901 Ingentem
669 1832 906 1901 clipeum
931 1832 1250 1900 informant,
1277 1851 1451 1888 unum
1480 1837 1667 1890 omnia
1691 1840 1888 1890 contra

356 1916 486 1973 Tela
509 1918 845 1984 Latinorum,
875 1923 1238 1987 septenosque
1264 1920 1491 1974 orbibus
1514 1921 1665 1974 orbis

356 2004 690 2074 Impediunt.
765 2004 879 2058 Alii
903 2006 1150 2059 ventosis
1175 2005 1397 2058 follibus
1421 2022 1581 2060 auras

356 2091 656 2158 Accipiunt
678 2091 1052 2160 redduntque3
1095 2091 1186 2144 alii
1211 2091 1501 2146 stridentia
1534 2092 1759 2161 tingunt

359 2175 510 2230 Aera
529 2175 668 2230 lacu.
745 2177 931 2230 Gemit
957 2176 1230 2246 impositis
1255 2173 1549 2231 incudibus
1577 2183 1815 2234 antrum.

356 2262 447 2317 Illi
471 2263 620 2316 inter
641 2279 760 2318 sese
783 2263 960 2316 multa
982 2263 1038 2318 vi
1065 2263 1322 2318 bracchia
1345 2264 1550 2319 tollunt

358 2348 424 2404 In
449 2365 752 2419 numerum,
783 2355 1110 2420 versantque
1135 2351 1314 2406 tenaci
1340 2351 1549 2421 forcipe
1574 2369 1827 2408 massam.

425 2436 580 2492 Haec
603 2443 764 2506 pater
789 2437 1002 2492 Aeoliis
1025 2443 1290 2507 properat
1316 2439 1445 2492 dum
1476 2439 1731 2496 Lemnius
1756 2442 1882 2506 oris,

357 2523 672 2578 Euandrum
700 2541 768 2578 ex
793 2524 990 2578 humili
1013 2531 1164 2579 tecto
1187 2525 1283 2579 lux
1308 2527 1537 2582 suscitat
1560 2527 1705 2582 alma

355 2609 430 2664 Et
451 2612 711 2665 matutini
741 2610 1022 2664 volucrum
1047 2613 1146 2666 sub
1171 2611 1411 2668 culmine
1434 2619 1643 2668 cantus.

359 2695 656 2766 Consurgit
679 2696 876 2764 senior,
903 2697 1200 2768 tunicaque
1223 2699 1503 2754 inducitur
1528 2707 1697 2766 artus,

357 2782 432 2837 Et
455 2783 743 2851 Tyrrhena
764 2783 966 2852 pedum
993 2784 1300 2838 circumdat
1328 2785 1548 2840 vincula
1571 2786 1775 2854 plantis
1794 2805 1809 2852 ς

359 2869 494 2924 Tum
519 2870 680 2924 lateri
705 2877 871 2939 atque
894 2871 1098 2924 umeris
1126 2869 1433 2940 Tegeaeum
1458 2873 1697 2942 subligat
1722 2889 1925 2939 ensem,

359 2956 610 3011 Demissa
633 2957 702 3010 ab
724 2955 883 3010 laeva
905 2957 1206 3025 pantherae
1229 2963 1389 3024 terge
1412 2963 1755 3027 retorquens.

359 3043 478 3098 Nee
501 3059 616 3098 non
641 3047 701 3097 et
723 3041 929 3112 gemini
953 3043 1210 3098 custodes
1235 3043 1427 3098 limine
1450 3044 1521 3098 ab
1546 3045 1661 3100 alto

357 3129 706 3185 Praecedunt
729 3145 1084 3198 gressumque
1108 3145 1272 3182 canes
1297 3130 1632 3184 comitantur
1658 3131 1865 3186 erilem.

361 3215 608 3285 Hospitis
633 3215 858 3270 Aeneae
883 3214 1068 3268 sedem
1095 3220 1152 3268 et
1175 3219 1389 3268 secreta
1412 3216 1651 3284 petebat,

359 3301 686 3356 Sermonum
713 3317 929 3355 memor
953 3306 1010 3356 et
1030 3301 1284 3370 promissi
1309 3301 1571 3369 muneris,
1600 3303 1781 3356 heros.

357 3387 476 3444 Nec
498 3389 684 3441 minus
709 3385 928 3442 Aeneas
951 3404 1013 3440 se
1037 3387 1344 3440 matutinus
1370 3387 1582 3454 agebat.

358 3472 526 3526 Filius
550 3473 682 3527 huic
706 3471 901 3536 Pallas,
932 3473 1008 3526 illi
1035 3488 1220 3526 comes
1246 3472 1364 3525 ibat
1388 3471 1647 3526 Achates.

2288 362 2395 412 480

2291 794 2393 845 435

2288 2097 2396 2148 450

2288 2530 2393 2582 455

2290 2964 2397 3014 460

2298 3389 2403 3440 465
