<?xml version="1.0" encoding="UTF-8"?>
<!DOCTYPE html PUBLIC "-//W3C//DTD XHTML 1.0 Transitional//EN"
    "http://www.w3.org/TR/xhtml1/DTD/xhtml1-transitional.dtd">
<html xmlns="http://www.w3.org/1999/xhtml" xml:lang="en" lang="en">
 <head>
  <title>
</title>
<meta http-equiv="Content-Type" content="text/html;charset=utf-8" />
  <meta name='ocr-system' content='tesseract 3.04.00' />
  <meta name='ocr-capabilities' content='ocr_page ocr_carea ocr_par ocr_line ocrx_word'/>
</head>
<body>
  <div class='ocr_page' id='page_1' title='image "arevisedtextpoe01virggoog_0064.png"; bbox 0 0 2725 3892; ppageno 0'>
   <div class='ocr_carea' id='block_1_1' title="bbox 961 204 1747 259">
    <p class='ocr_par' dir='ltr' id='par_1_1' title="bbox 961 204 1747 259">
     <span class='ocr_line' id='line_1_1' title="bbox 961 204 1747 259; baseline 0.003 -2"><span class='ocrx_word' id='word_1_1' title='bbox 961 206 1238 257; x_wconf 79' lang='lat' dir='ltr'>VERGILI</span> <span class='ocrx_word' id='word_1_2' title='bbox 1283 204 1662 258; x_wconf 69' lang='lat' dir='ltr'>GEORGIGON</span> <span class='ocrx_word' id='word_1_3' title='bbox 1706 206 1747 259; x_wconf 91' lang='lat'><strong>1.</strong></span> 
     </span>
    </p>
   </div>
   <div class='ocr_carea' id='block_1_2' title="bbox 313 367 1979 3554">
    <p class='ocr_par' dir='ltr' id='par_1_2' title="bbox 343 367 1671 439">
     <span class='ocr_line' id='line_1_2' title="bbox 343 367 1671 439; baseline -0.001 -16"><span class='ocrx_word' id='word_1_4' title='bbox 343 368 476 437; x_wconf 85' lang='lat' dir='ltr'><strong>Illic,</strong></span> <span class='ocrx_word' id='word_1_5' title='bbox 505 374 568 423; x_wconf 88' lang='lat' dir='ltr'><strong>ut</strong></span> <span class='ocrx_word' id='word_1_6' title='bbox 591 368 898 439; x_wconf 88' lang='lat' dir='ltr'><strong>perhibent,</strong></span> <span class='ocrx_word' id='word_1_7' title='bbox 926 374 1025 422; x_wconf 88' lang='lat' dir='ltr'><strong>aut</strong></span> <span class='ocrx_word' id='word_1_8' title='bbox 1047 368 1382 438; x_wconf 81' lang='lat' dir='ltr'><strong>intempesta</strong></span> <span class='ocrx_word' id='word_1_9' title='bbox 1410 367 1537 422; x_wconf 83' lang='lat' dir='ltr'><strong>silet</strong></span> <span class='ocrx_word' id='word_1_10' title='bbox 1558 384 1671 422; x_wconf 87' lang='lat' dir='ltr'><strong>nox</strong></span> 
     </span>
    </p>

    <p class='ocr_par' dir='ltr' id='par_1_3' title="bbox 339 453 1749 525">
     <span class='ocr_line' id='line_1_3' title="bbox 339 453 1749 525; baseline 0 -16"><span class='ocrx_word' id='word_1_11' title='bbox 339 455 584 525; x_wconf 80' lang='lat' dir='ltr'><strong>Semper,</strong></span> <span class='ocrx_word' id='word_1_12' title='bbox 615 460 671 509; x_wconf 86' lang='lat' dir='ltr'><strong>et</strong></span> <span class='ocrx_word' id='word_1_13' title='bbox 697 455 929 509; x_wconf 72' lang='lat' dir='ltr'><strong>obtenta</strong></span> <span class='ocrx_word' id='word_1_14' title='bbox 951 453 1254 509; x_wconf 77' lang='lat' dir='ltr'><strong>densentur</strong></span> <span class='ocrx_word' id='word_1_15' title='bbox 1279 460 1442 509; x_wconf 83' lang='lat' dir='ltr'><strong>nocte</strong></span> <span class='ocrx_word' id='word_1_16' title='bbox 1468 454 1749 523; x_wconf 72' lang='lat' dir='ltr'><strong>tenebrae,</strong></span> 
     </span>
    </p>

    <p class='ocr_par' dir='ltr' id='par_1_4' title="bbox 343 540 1677 612">
     <span class='ocr_line' id='line_1_4' title="bbox 343 540 1677 612; baseline 0.001 -18"><span class='ocrx_word' id='word_1_17' title='bbox 343 540 460 595; x_wconf 84' lang='lat' dir='ltr'><strong>Aut</strong></span> <span class='ocrx_word' id='word_1_18' title='bbox 485 541 630 595; x_wconf 81' lang='lat' dir='ltr'><strong>redit</strong></span> <span class='ocrx_word' id='word_1_19' title='bbox 653 556 688 595; x_wconf 87' lang='lat' dir='ltr'><strong>a</strong></span> <span class='ocrx_word' id='word_1_20' title='bbox 710 541 872 595; x_wconf 89' lang='lat' dir='ltr'><strong>nobis</strong></span> <span class='ocrx_word' id='word_1_21' title='bbox 897 541 1120 597; x_wconf 88' lang='lat' dir='ltr'><strong>Aurora</strong></span> <span class='ocrx_word' id='word_1_22' title='bbox 1143 541 1405 612; x_wconf 75' lang='lat' dir='ltr'>diemque</span> <span class='ocrx_word' id='word_1_23' title='bbox 1436 540 1677 609; x_wconf 78' lang='lat' dir='ltr'><strong>reducit3</strong></span> 
     </span>
    </p>

    <p class='ocr_par' dir='ltr' id='par_1_5' title="bbox 341 626 1829 699">
     <span class='ocr_line' id='line_1_5' title="bbox 341 626 1829 699; baseline 0.001 -18"><span class='ocrx_word' id='word_1_24' title='bbox 341 626 566 697; x_wconf 87' lang='lat' dir='ltr'><strong>Nosque</strong></span> <span class='ocrx_word' id='word_1_25' title='bbox 593 628 684 681; x_wconf 91' lang='lat' dir='ltr'><strong>ubi</strong></span> <span class='ocrx_word' id='word_1_26' title='bbox 709 627 918 697; x_wconf 87' lang='lat' dir='ltr'><strong>primus</strong></span> <span class='ocrx_word' id='word_1_27' title='bbox 943 628 1098 699; x_wconf 88' lang='lat' dir='ltr'><strong>equis</strong></span> <span class='ocrx_word' id='word_1_28' title='bbox 1121 628 1324 681; x_wconf 88' lang='lat' dir='ltr'><strong>Oriens</strong></span> <span class='ocrx_word' id='word_1_29' title='bbox 1349 627 1577 682; x_wconf 83' lang='lat' dir='ltr'><strong>adflavit</strong></span> <span class='ocrx_word' id='word_1_30' title='bbox 1598 628 1829 697; x_wconf 75' lang='lat' dir='ltr'><strong>anhelis,</strong></span> 
     </span>
    </p>

    <p class='ocr_par' dir='ltr' id='par_1_6' title="bbox 341 713 1599 783">
     <span class='ocr_line' id='line_1_6' title="bbox 341 713 1599 783; baseline 0.001 -15"><span class='ocrx_word' id='word_1_31' title='bbox 341 714 462 769; x_wconf 89' lang='lat' dir='ltr'><strong>Illic</strong></span> <span class='ocrx_word' id='word_1_32' title='bbox 487 731 608 769; x_wconf 89' lang='lat' dir='ltr'><strong>sera</strong></span> <span class='ocrx_word' id='word_1_33' title='bbox 631 714 835 769; x_wconf 84' lang='lat' dir='ltr'><strong>rubens</strong></span> <span class='ocrx_word' id='word_1_34' title='bbox 859 714 1112 768; x_wconf 87' lang='lat' dir='ltr'><strong>accendit</strong></span> <span class='ocrx_word' id='word_1_35' title='bbox 1133 713 1344 769; x_wconf 88' lang='lat' dir='ltr'><strong>lumina</strong></span> <span class='ocrx_word' id='word_1_36' title='bbox 1364 715 1599 783; x_wconf 86' lang='lat' dir='ltr'><strong>Vesper.</strong></span> 
     </span>
    </p>

    <p class='ocr_par' dir='ltr' id='par_1_7' title="bbox 343 800 1609 871">
     <span class='ocr_line' id='line_1_7' title="bbox 343 800 1609 871; baseline 0.002 -16"><span class='ocrx_word' id='word_1_37' title='bbox 343 802 486 855; x_wconf 84' lang='lat' dir='ltr'><strong>Hinc</strong></span> <span class='ocrx_word' id='word_1_38' title='bbox 509 806 866 871; x_wconf 84' lang='lat' dir='ltr'><strong>tempestates</strong></span> <span class='ocrx_word' id='word_1_39' title='bbox 889 801 1060 856; x_wconf 88' lang='lat' dir='ltr'><strong>dubio</strong></span> <span class='ocrx_word' id='word_1_40' title='bbox 1081 800 1431 871; x_wconf 72' lang='lat' dir='ltr'><strong>praediscere</strong></span> <span class='ocrx_word' id='word_1_41' title='bbox 1456 800 1609 857; x_wconf 85' lang='lat' dir='ltr'><strong>caelo</strong></span> 
     </span>
    </p>

    <p class='ocr_par' dir='ltr' id='par_1_8' title="bbox 339 887 1913 959">
     <span class='ocr_line' id='line_1_8' title="bbox 339 887 1913 959; baseline 0.001 -18"><span class='ocrx_word' id='word_1_42' title='bbox 339 888 651 956; x_wconf 75' lang='lat' dir='ltr'><strong>Possumne,</strong></span> <span class='ocrx_word' id='word_1_43' title='bbox 681 888 809 941; x_wconf 86' lang='lat' dir='ltr'><strong>hinc</strong></span> <span class='ocrx_word' id='word_1_44' title='bbox 833 888 1131 957; x_wconf 79' lang='lat' dir='ltr'><strong>messisque</strong></span> <span class='ocrx_word' id='word_1_45' title='bbox 1155 887 1302 943; x_wconf 91' lang='lat' dir='ltr'><strong>diem</strong></span> <span class='ocrx_word' id='word_1_46' title='bbox 1323 894 1653 959; x_wconf 78' lang='lat' dir='ltr'><strong>tempusque</strong></span> <span class='ocrx_word' id='word_1_47' title='bbox 1676 890 1913 958; x_wconf 85' lang='lat' dir='ltr'><strong>serendi,</strong></span> 
     </span>
    </p>

    <p class='ocr_par' dir='ltr' id='par_1_9' title="bbox 341 974 1675 1045">
     <span class='ocr_line' id='line_1_9' title="bbox 341 974 1675 1045; baseline 0.001 -18"><span class='ocrx_word' id='word_1_48' title='bbox 341 974 414 1028; x_wconf 90' lang='lat' dir='ltr'><strong>Et</strong></span> <span class='ocrx_word' id='word_1_49' title='bbox 436 974 658 1044; x_wconf 86' lang='lat' dir='ltr'><strong>quando</strong></span> <span class='ocrx_word' id='word_1_50' title='bbox 679 974 908 1028; x_wconf 87' lang='lat' dir='ltr'><strong>infidum</strong></span> <span class='ocrx_word' id='word_1_51' title='bbox 935 974 1100 1029; x_wconf 87' lang='lat' dir='ltr'><strong>remis</strong></span> <span class='ocrx_word' id='word_1_52' title='bbox 1123 974 1408 1045; x_wconf 81' lang='lat' dir='ltr'><strong>impellere</strong></span> <span class='ocrx_word' id='word_1_53' title='bbox 1432 992 1675 1031; x_wconf 86' lang='lat' dir='ltr'><strong>marmor</strong></span> 
     </span>
    </p>

    <p class='ocr_par' dir='ltr' id='par_1_10' title="bbox 341 1061 1701 1133">
     <span class='ocr_line' id='line_1_10' title="bbox 341 1061 1701 1133; baseline 0.003 -18"><span class='ocrx_word' id='word_1_54' title='bbox 341 1063 668 1130; x_wconf 80' lang='lat' dir='ltr'><strong>Conveniat,</strong></span> <span class='ocrx_word' id='word_1_55' title='bbox 697 1061 916 1131; x_wconf 86' lang='lat' dir='ltr'><strong>quando</strong></span> <span class='ocrx_word' id='word_1_56' title='bbox 941 1068 1179 1117; x_wconf 79' lang='lat' dir='ltr'><strong>amatas</strong></span> <span class='ocrx_word' id='word_1_57' title='bbox 1202 1061 1477 1118; x_wconf 77' lang='lat' dir='ltr'><strong>deducere</strong></span> <span class='ocrx_word' id='word_1_58' title='bbox 1500 1064 1701 1133; x_wconf 82' lang='lat' dir='ltr'><strong>classis,</strong></span> 
     </span>
    </p>

    <p class='ocr_par' dir='ltr' id='par_1_11' title="bbox 341 1148 1573 1220">
     <span class='ocr_line' id='line_1_11' title="bbox 341 1148 1573 1220; baseline 0.002 -17"><span class='ocrx_word' id='word_1_59' title='bbox 341 1150 460 1203; x_wconf 84' lang='lat' dir='ltr'><strong>Aut</strong></span> <span class='ocrx_word' id='word_1_60' title='bbox 483 1148 869 1217; x_wconf 83' lang='lat' dir='ltr'><strong>tempestivam</strong></span> <span class='ocrx_word' id='word_1_61' title='bbox 895 1149 1048 1203; x_wconf 85' lang='lat' dir='ltr'><strong>silvis</strong></span> <span class='ocrx_word' id='word_1_62' title='bbox 1073 1156 1326 1205; x_wconf 86' lang='lat' dir='ltr'><strong>evertere</strong></span> <span class='ocrx_word' id='word_1_63' title='bbox 1349 1152 1573 1220; x_wconf 87' lang='lat' dir='ltr'><strong>pinum:</strong></span> 
     </span>
    </p>

    <p class='ocr_par' dir='ltr' id='par_1_12' title="bbox 341 1236 1849 1308">
     <span class='ocr_line' id='line_1_12' title="bbox 341 1236 1849 1308; baseline 0.001 -17"><span class='ocrx_word' id='word_1_64' title='bbox 341 1236 461 1291; x_wconf 87' lang='lat' dir='ltr'><strong>Nec</strong></span> <span class='ocrx_word' id='word_1_65' title='bbox 485 1236 690 1291; x_wconf 85' lang='lat' dir='ltr'><strong>frustra</strong></span> <span class='ocrx_word' id='word_1_66' title='bbox 712 1236 991 1305; x_wconf 88' lang='lat' dir='ltr'><strong>signorum</strong></span> <span class='ocrx_word' id='word_1_67' title='bbox 1020 1236 1202 1291; x_wconf 89' lang='lat' dir='ltr'><strong>obitus</strong></span> <span class='ocrx_word' id='word_1_68' title='bbox 1225 1238 1573 1308; x_wconf 80' lang='lat' dir='ltr'><strong>speculamur</strong></span> <span class='ocrx_word' id='word_1_69' title='bbox 1597 1244 1655 1293; x_wconf 87' lang='lat' dir='ltr'><strong>et</strong></span> <span class='ocrx_word' id='word_1_70' title='bbox 1678 1244 1849 1301; x_wconf 78' lang='lat' dir='ltr'><strong>ortus.</strong></span> 
     </span>
    </p>

    <p class='ocr_par' dir='ltr' id='par_1_13' title="bbox 313 1322 1820 1397">
     <span class='ocr_line' id='line_1_13' title="bbox 313 1322 1820 1397; baseline 0.003 -22"><span class='ocrx_word' id='word_1_71' title='bbox 313 1322 808 1397; x_wconf 43' lang='lat' dir='ltr'><strong>’Temporibusque</strong></span> <span class='ocrx_word' id='word_1_72' title='bbox 833 1340 1022 1391; x_wconf 87' lang='lat' dir='ltr'><strong>parem</strong></span> <span class='ocrx_word' id='word_1_73' title='bbox 1048 1324 1280 1379; x_wconf 84' lang='lat' dir='ltr'><strong>diversis</strong></span> <span class='ocrx_word' id='word_1_74' title='bbox 1304 1330 1567 1394; x_wconf 71' lang='lat' dir='ltr'><strong>quattuor</strong></span> <span class='ocrx_word' id='word_1_75' title='bbox 1594 1340 1820 1380; x_wconf 78' lang='lat' dir='ltr'><strong>annum.</strong></span> 
     </span>
    </p>

    <p class='ocr_par' dir='ltr' id='par_1_14' title="bbox 342 1386 1807 1480">
     <span class='ocr_line' id='line_1_14' title="bbox 342 1386 1807 1480; baseline 0.003 -18"><span class='ocrx_word' id='word_1_76' title='bbox 342 1386 397 1447; x_wconf 41' lang='lat' dir='ltr'><strong>Q)</strong></span> <span class='ocrx_word' id='word_1_77' title='bbox 413 1408 666 1479; x_wconf 78' lang='lat' dir='ltr'><strong>Frigidus</strong></span> <span class='ocrx_word' id='word_1_78' title='bbox 689 1408 982 1477; x_wconf 76' lang='lat' dir='ltr'><strong>agricolam</strong></span> <span class='ocrx_word' id='word_1_79' title='bbox 1011 1410 1056 1463; x_wconf 88' lang='lat' dir='ltr'><strong>si</strong></span> <span class='ocrx_word' id='word_1_80' title='bbox 1086 1411 1306 1480; x_wconf 85' lang='lat' dir='ltr'><strong>quando</strong></span> <span class='ocrx_word' id='word_1_81' title='bbox 1339 1412 1591 1467; x_wconf 88' lang='lat' dir='ltr'><strong>continet</strong></span> <span class='ocrx_word' id='word_1_82' title='bbox 1615 1411 1807 1473; x_wconf 82' lang='lat' dir='ltr'><strong>imber.</strong></span> 
     </span>
    </p>

    <p class='ocr_par' dir='ltr' id='par_1_15' title="bbox 341 1495 1852 1568">
     <span class='ocr_line' id='line_1_15' title="bbox 341 1495 1852 1568; baseline 0.001 -19"><span class='ocrx_word' id='word_1_83' title='bbox 341 1495 530 1565; x_wconf 74' lang='lat' dir='ltr'><strong>Multa,</strong></span> <span class='ocrx_word' id='word_1_84' title='bbox 559 1496 746 1551; x_wconf 82' lang='lat' dir='ltr'><strong>forent</strong></span> <span class='ocrx_word' id='word_1_85' title='bbox 769 1514 909 1566; x_wconf 86' lang='lat' dir='ltr'><strong>quae</strong></span> <span class='ocrx_word' id='word_1_86' title='bbox 935 1514 1064 1551; x_wconf 85' lang='lat' dir='ltr'><strong>mox</strong></span> <span class='ocrx_word' id='word_1_87' title='bbox 1090 1497 1242 1552; x_wconf 79' lang='lat' dir='ltr'><strong>caelo</strong></span> <span class='ocrx_word' id='word_1_88' title='bbox 1267 1498 1616 1568; x_wconf 81' lang='lat' dir='ltr'><strong>properanda</strong></span> <span class='ocrx_word' id='word_1_89' title='bbox 1640 1514 1852 1565; x_wconf 87' lang='lat' dir='ltr'><strong>sereno,</strong></span> 
     </span>
    </p>

    <p class='ocr_par' dir='ltr' id='par_1_16' title="bbox 343 1583 1569 1654">
     <span class='ocr_line' id='line_1_16' title="bbox 343 1583 1569 1654; baseline 0.001 -16"><span class='ocrx_word' id='word_1_90' title='bbox 343 1583 619 1638; x_wconf 84' lang='lat' dir='ltr'><strong>Maturare</strong></span> <span class='ocrx_word' id='word_1_91' title='bbox 643 1583 836 1639; x_wconf 84' lang='lat' dir='ltr'><strong>datur:</strong></span> <span class='ocrx_word' id='word_1_92' title='bbox 877 1584 1073 1639; x_wconf 87' lang='lat' dir='ltr'><strong>durum</strong></span> <span class='ocrx_word' id='word_1_93' title='bbox 1103 1586 1358 1654; x_wconf 87' lang='lat' dir='ltr'><strong>procudit</strong></span> <span class='ocrx_word' id='word_1_94' title='bbox 1382 1592 1569 1641; x_wconf 86' lang='lat' dir='ltr'><strong>arator</strong></span> 
     </span>
    </p>

    <p class='ocr_par' dir='ltr' id='par_1_17' title="bbox 341 1669 1767 1739">
     <span class='ocr_line' id='line_1_17' title="bbox 341 1669 1767 1739; baseline 0.002 -16"><span class='ocrx_word' id='word_1_95' title='bbox 341 1669 600 1725; x_wconf 88' lang='lat' dir='ltr'><strong>Vomeris</strong></span> <span class='ocrx_word' id='word_1_96' title='bbox 623 1671 844 1725; x_wconf 85' lang='lat' dir='ltr'><strong>obtunsi</strong></span> <span class='ocrx_word' id='word_1_97' title='bbox 869 1670 1110 1737; x_wconf 79' lang='lat' dir='ltr'><strong>dentem,</strong></span> <span class='ocrx_word' id='word_1_98' title='bbox 1141 1678 1304 1727; x_wconf 87' lang='lat' dir='ltr'><strong>cavat</strong></span> <span class='ocrx_word' id='word_1_99' title='bbox 1329 1674 1529 1727; x_wconf 89' lang='lat' dir='ltr'><strong>arbore</strong></span> <span class='ocrx_word' id='word_1_100' title='bbox 1556 1672 1767 1739; x_wconf 86' lang='lat' dir='ltr'><strong>lintres,</strong></span> 
     </span>
    </p>

    <p class='ocr_par' dir='ltr' id='par_1_18' title="bbox 345 1757 1880 1831">
     <span class='ocr_line' id='line_1_18' title="bbox 345 1757 1880 1831; baseline 0.001 -20"><span class='ocrx_word' id='word_1_101' title='bbox 345 1757 460 1812; x_wconf 82' lang='lat' dir='ltr'><strong>Aut</strong></span> <span class='ocrx_word' id='word_1_102' title='bbox 483 1762 668 1827; x_wconf 87' lang='lat' dir='ltr'><strong>pecori</strong></span> <span class='ocrx_word' id='word_1_103' title='bbox 695 1762 914 1831; x_wconf 84' lang='lat' dir='ltr'><strong>signum</strong></span> <span class='ocrx_word' id='word_1_104' title='bbox 939 1768 1036 1815; x_wconf 85' lang='lat' dir='ltr'><strong>aut</strong></span> <span class='ocrx_word' id='word_1_105' title='bbox 1059 1776 1320 1815; x_wconf 84' lang='lat' dir='ltr'><strong>numeros</strong></span> <span class='ocrx_word' id='word_1_106' title='bbox 1351 1760 1631 1829; x_wconf 85' lang='lat' dir='ltr'><strong>impressit</strong></span> <span class='ocrx_word' id='word_1_107' title='bbox 1655 1760 1880 1814; x_wconf 85' lang='lat' dir='ltr'><strong>acervis.</strong></span> 
     </span>
    </p>

    <p class='ocr_par' dir='ltr' id='par_1_19' title="bbox 339 1844 1549 1917">
     <span class='ocr_line' id='line_1_19' title="bbox 339 1844 1549 1917; baseline 0.001 -17"><span class='ocrx_word' id='word_1_108' title='bbox 339 1844 632 1901; x_wconf 77' lang='lat' dir='ltr'><strong>Exacuunt</strong></span> <span class='ocrx_word' id='word_1_109' title='bbox 655 1847 748 1903; x_wconf 88' lang='lat' dir='ltr'><strong>alii</strong></span> <span class='ocrx_word' id='word_1_110' title='bbox 775 1848 948 1903; x_wconf 79' lang='lat' dir='ltr'><strong>vallos</strong></span> <span class='ocrx_word' id='word_1_111' title='bbox 971 1849 1264 1917; x_wconf 84' lang='lat' dir='ltr'><strong>furcasque</strong></span> <span class='ocrx_word' id='word_1_112' title='bbox 1293 1846 1549 1913; x_wconf 87' lang='lat' dir='ltr'><strong>bicornis,</strong></span> 
     </span>
    </p>

    <p class='ocr_par' dir='ltr' id='par_1_20' title="bbox 341 1932 1723 2004">
     <span class='ocr_line' id='line_1_20' title="bbox 341 1932 1723 2004; baseline 0.001 -19"><span class='ocrx_word' id='word_1_113' title='bbox 341 1932 527 2002; x_wconf 86' lang='lat' dir='ltr'><strong>Atque</strong></span> <span class='ocrx_word' id='word_1_114' title='bbox 553 1934 820 1989; x_wconf 87' lang='lat' dir='ltr'><strong>Amerina</strong></span> <span class='ocrx_word' id='word_1_115' title='bbox 842 1941 1042 2004; x_wconf 88' lang='lat' dir='ltr'><strong>parant</strong></span> <span class='ocrx_word' id='word_1_116' title='bbox 1063 1935 1250 1989; x_wconf 88' lang='lat' dir='ltr'><strong>lentae</strong></span> <span class='ocrx_word' id='word_1_117' title='bbox 1273 1934 1581 1989; x_wconf 80' lang='lat' dir='ltr'><strong>retinacula.</strong></span> <span class='ocrx_word' id='word_1_118' title='bbox 1604 1933 1723 1988; x_wconf 84' lang='lat' dir='ltr'><strong>viti.</strong></span> 
     </span>
    </p>

    <p class='ocr_par' dir='ltr' id='par_1_21' title="bbox 342 2014 1574 2091">
     <span class='ocr_line' id='line_1_21' title="bbox 342 2014 1574 2091; baseline 0.002 -20"><span class='ocrx_word' id='word_1_119' title='bbox 342 2018 506 2075; x_wconf 87' lang='lat' dir='ltr'><strong>Nunc</strong></span> <span class='ocrx_word' id='word_1_120' title='bbox 529 2022 706 2076; x_wconf 82' lang='lat' dir='ltr'><strong>facilis</strong></span> <span class='ocrx_word' id='word_1_121' title='bbox 729 2023 904 2077; x_wconf 59' lang='lat' dir='ltr'><strong>rubet}</strong></span> <span class='ocrx_word' id='word_1_122' title='bbox 925 2028 1148 2077; x_wconf 79' lang='lat' dir='ltr'><strong>texatur</strong></span> <span class='ocrx_word' id='word_1_123' title='bbox 1171 2020 1364 2075; x_wconf 84' lang='lat' dir='ltr'><strong>fiscina</strong></span> <span class='ocrx_word' id='word_1_124' title='bbox 1389 2014 1574 2091; x_wconf 73' lang='lat' dir='ltr'><strong>virg‘a3</strong></span> 
     </span>
    </p>

    <p class='ocr_par' dir='ltr' id='par_1_22' title="bbox 342 2106 1721 2179">
     <span class='ocr_line' id='line_1_22' title="bbox 342 2106 1721 2179; baseline 0.001 -19"><span class='ocrx_word' id='word_1_125' title='bbox 342 2106 396 2159; x_wconf 87' lang='lat' dir='ltr'>N</span> <span class='ocrx_word' id='word_1_126' title='bbox 399 2124 505 2162; x_wconf 89' lang='lat' dir='ltr'><strong>unc</strong></span> <span class='ocrx_word' id='word_1_127' title='bbox 530 2115 739 2165; x_wconf 86' lang='lat' dir='ltr'><strong>torrete</strong></span> <span class='ocrx_word' id='word_1_128' title='bbox 763 2109 877 2179; x_wconf 89' lang='lat' dir='ltr'><strong>igni</strong></span> <span class='ocrx_word' id='word_1_129' title='bbox 900 2110 1105 2179; x_wconf 77' lang='lat' dir='ltr'><strong>fruges,</strong></span> <span class='ocrx_word' id='word_1_130' title='bbox 1131 2124 1282 2163; x_wconf 86' lang='lat' dir='ltr'><strong>nunc</strong></span> <span class='ocrx_word' id='word_1_131' title='bbox 1305 2108 1547 2176; x_wconf 78' lang='lat' dir='ltr'><strong>frangite</strong></span> <span class='ocrx_word' id='word_1_132' title='bbox 1570 2124 1721 2162; x_wconf 83' lang='lat' dir='ltr'><strong>saxo.</strong></span> 
     </span>
    </p>

    <p class='ocr_par' dir='ltr' id='par_1_23' title="bbox 340 2194 1733 2266">
     <span class='ocr_line' id='line_1_23' title="bbox 340 2194 1733 2266; baseline 0.001 -20"><span class='ocrx_word' id='word_1_133' title='bbox 340 2194 558 2265; x_wconf 86' lang='lat' dir='ltr'><strong>Quippe</strong></span> <span class='ocrx_word' id='word_1_134' title='bbox 583 2198 752 2252; x_wconf 88' lang='lat' dir='ltr'><strong>etiam</strong></span> <span class='ocrx_word' id='word_1_135' title='bbox 775 2198 937 2251; x_wconf 74' lang='lat' dir='ltr'><strong>festis</strong></span> <span class='ocrx_word' id='word_1_136' title='bbox 961 2195 1232 2266; x_wconf 87' lang='lat' dir='ltr'><strong>quaedam</strong></span> <span class='ocrx_word' id='word_1_137' title='bbox 1255 2211 1513 2249; x_wconf 87' lang='lat' dir='ltr'><strong>exercere</strong></span> <span class='ocrx_word' id='word_1_138' title='bbox 1540 2194 1733 2248; x_wconf 89' lang='lat' dir='ltr'><strong>diebus</strong></span> 
     </span>
    </p>

    <p class='ocr_par' dir='ltr' id='par_1_24' title="bbox 339 2280 1581 2339">
     <span class='ocr_line' id='line_1_24' title="bbox 339 2280 1581 2339; baseline 0.002 -6"><span class='ocrx_word' id='word_1_139' title='bbox 339 2280 448 2337; x_wconf 87' lang='lat' dir='ltr'><strong>Fas</strong></span> <span class='ocrx_word' id='word_1_140' title='bbox 471 2290 530 2337; x_wconf 85' lang='lat' dir='ltr'><strong>et</strong></span> <span class='ocrx_word' id='word_1_141' title='bbox 552 2284 675 2338; x_wconf 83' lang='lat' dir='ltr'><strong>iura</strong></span> <span class='ocrx_word' id='word_1_142' title='bbox 699 2286 916 2339; x_wconf 85' lang='lat' dir='ltr'><strong>sinunt:</strong></span> <span class='ocrx_word' id='word_1_143' title='bbox 957 2285 1106 2338; x_wconf 85' lang='lat' dir='ltr'><strong>rivos</strong></span> <span class='ocrx_word' id='word_1_144' title='bbox 1129 2283 1403 2337; x_wconf 85' lang='lat' dir='ltr'><strong>deducere</strong></span> <span class='ocrx_word' id='word_1_145' title='bbox 1427 2281 1581 2335; x_wconf 88' lang='lat' dir='ltr'><strong>nulla</strong></span> 
     </span>
    </p>

    <p class='ocr_par' dir='ltr' id='par_1_25' title="bbox 339 2370 1629 2441">
     <span class='ocr_line' id='line_1_25' title="bbox 339 2370 1629 2441; baseline -0.002 -17"><span class='ocrx_word' id='word_1_146' title='bbox 339 2370 556 2439; x_wconf 83' lang='lat' dir='ltr'><strong>Religio</strong></span> <span class='ocrx_word' id='word_1_147' title='bbox 583 2372 775 2440; x_wconf 87' lang='lat' dir='ltr'><strong>vetuit,</strong></span> <span class='ocrx_word' id='word_1_148' title='bbox 803 2371 976 2441; x_wconf 80' lang='lat' dir='ltr'><strong>segeti</strong></span> <span class='ocrx_word' id='word_1_149' title='bbox 1003 2370 1366 2441; x_wconf 83' lang='lat' dir='ltr'><strong>praetendere</strong></span> <span class='ocrx_word' id='word_1_150' title='bbox 1392 2384 1629 2436; x_wconf 80' lang='lat' dir='ltr'><strong>saepem,</strong></span> 
     </span>
    </p>

    <p class='ocr_par' dir='ltr' id='par_1_26' title="bbox 341 2456 1579 2527">
     <span class='ocr_line' id='line_1_26' title="bbox 341 2456 1579 2527; baseline -0.002 -18"><span class='ocrx_word' id='word_1_151' title='bbox 341 2456 574 2513; x_wconf 85' lang='lat' dir='ltr'><strong>Insidias</strong></span> <span class='ocrx_word' id='word_1_152' title='bbox 597 2459 791 2514; x_wconf 83' lang='lat' dir='ltr'><strong>avibus</strong></span> <span class='ocrx_word' id='word_1_153' title='bbox 826 2458 1023 2527; x_wconf 89' lang='lat' dir='ltr'><strong>moliri,</strong></span> <span class='ocrx_word' id='word_1_154' title='bbox 1053 2457 1346 2512; x_wconf 84' lang='lat' dir='ltr'><strong>incendere</strong></span> <span class='ocrx_word' id='word_1_155' title='bbox 1370 2470 1579 2525; x_wconf 83' lang='lat' dir='ltr'><strong>vepres,</strong></span> 
     </span>
    </p>

    <p class='ocr_par' dir='ltr' id='par_1_27' title="bbox 339 2542 1701 2616">
     <span class='ocr_line' id='line_1_27' title="bbox 339 2542 1701 2616; baseline -0.001 -18"><span class='ocrx_word' id='word_1_156' title='bbox 339 2543 744 2616; x_wconf 79' lang='lat' dir='ltr'><strong>Balantumque</strong></span> <span class='ocrx_word' id='word_1_157' title='bbox 763 2562 990 2615; x_wconf 85' lang='lat' dir='ltr'><strong>gregem</strong></span> <span class='ocrx_word' id='word_1_158' title='bbox 1013 2544 1186 2601; x_wconf 86' lang='lat' dir='ltr'><strong>fluvio</strong></span> <span class='ocrx_word' id='word_1_159' title='bbox 1211 2562 1452 2599; x_wconf 84' lang='lat' dir='ltr'><strong>mersare</strong></span> <span class='ocrx_word' id='word_1_160' title='bbox 1478 2542 1701 2597; x_wconf 76' lang='lat' dir='ltr'><strong>salubri.</strong></span> 
     </span>
    </p>

    <p class='ocr_par' dir='ltr' id='par_1_28' title="bbox 339 2630 1480 2701">
     <span class='ocr_line' id='line_1_28' title="bbox 339 2630 1480 2701; baseline 0 -16"><span class='ocrx_word' id='word_1_161' title='bbox 339 2630 514 2701; x_wconf 80' lang='lat' dir='ltr'><strong>Saepe</strong></span> <span class='ocrx_word' id='word_1_162' title='bbox 537 2632 663 2687; x_wconf 92' lang='lat' dir='ltr'><strong>oleo</strong></span> <span class='ocrx_word' id='word_1_163' title='bbox 687 2633 832 2687; x_wconf 85' lang='lat' dir='ltr'><strong>tardi</strong></span> <span class='ocrx_word' id='word_1_164' title='bbox 857 2638 1040 2689; x_wconf 84' lang='lat' dir='ltr'><strong>costas</strong></span> <span class='ocrx_word' id='word_1_165' title='bbox 1062 2633 1302 2701; x_wconf 84' lang='lat' dir='ltr'><strong>agitator</strong></span> <span class='ocrx_word' id='word_1_166' title='bbox 1325 2630 1480 2686; x_wconf 82' lang='lat' dir='ltr'><strong>aselli</strong></span> 
     </span>
    </p>

    <p class='ocr_par' dir='ltr' id='par_1_29' title="bbox 339 2717 1809 2790">
     <span class='ocr_line' id='line_1_29' title="bbox 339 2717 1809 2790; baseline -0.001 -19"><span class='ocrx_word' id='word_1_167' title='bbox 339 2717 562 2773; x_wconf 86' lang='lat' dir='ltr'><strong>Vilibus</strong></span> <span class='ocrx_word' id='word_1_168' title='bbox 585 2727 682 2774; x_wconf 83' lang='lat' dir='ltr'><strong>aut</strong></span> <span class='ocrx_word' id='word_1_169' title='bbox 705 2728 902 2775; x_wconf 86' lang='lat' dir='ltr'><strong>onerat</strong></span> <span class='ocrx_word' id='word_1_170' title='bbox 925 2720 1118 2790; x_wconf 87' lang='lat' dir='ltr'><strong>pomis,</strong></span> <span class='ocrx_word' id='word_1_171' title='bbox 1147 2718 1499 2788; x_wconf 86' lang='lat' dir='ltr'><strong>lapidemque</strong></span> <span class='ocrx_word' id='word_1_172' title='bbox 1522 2720 1809 2771; x_wconf 80' lang='lat' dir='ltr'><strong>revertens</strong></span> 
     </span>
    </p>

    <p class='ocr_par' dir='ltr' id='par_1_30' title="bbox 339 2802 1772 2961">
     <span class='ocr_line' id='line_1_30' title="bbox 339 2802 1772 2874; baseline -0.001 -17"><span class='ocrx_word' id='word_1_173' title='bbox 339 2802 596 2859; x_wconf 87' lang='lat' dir='ltr'><strong>Incusum</strong></span> <span class='ocrx_word' id='word_1_174' title='bbox 624 2811 720 2859; x_wconf 88' lang='lat' dir='ltr'><strong>aut</strong></span> <span class='ocrx_word' id='word_1_175' title='bbox 742 2813 897 2860; x_wconf 83' lang='lat' dir='ltr'><strong>atrae</strong></span> <span class='ocrx_word' id='word_1_176' title='bbox 920 2821 1154 2861; x_wconf 85' lang='lat' dir='ltr'><strong>massam</strong></span> <span class='ocrx_word' id='word_1_177' title='bbox 1181 2804 1320 2874; x_wconf 91' lang='lat' dir='ltr'><strong>picis</strong></span> <span class='ocrx_word' id='word_1_178' title='bbox 1343 2804 1483 2857; x_wconf 88' lang='lat' dir='ltr'><strong>urbe</strong></span> <span class='ocrx_word' id='word_1_179' title='bbox 1510 2806 1772 2871; x_wconf 83' lang='lat' dir='ltr'><strong>reportat.</strong></span> 
     </span>
     <span class='ocr_line' id='line_1_31' title="bbox 409 2890 1551 2961; baseline 0 -16"><span class='ocrx_word' id='word_1_180' title='bbox 409 2890 538 2961; x_wconf 83' lang='lat' dir='ltr'><strong>Ipsa</strong></span> <span class='ocrx_word' id='word_1_181' title='bbox 559 2891 677 2946; x_wconf 88' lang='lat' dir='ltr'><strong>dies</strong></span> <span class='ocrx_word' id='word_1_182' title='bbox 701 2892 836 2947; x_wconf 83' lang='lat' dir='ltr'><strong>alios</strong></span> <span class='ocrx_word' id='word_1_183' title='bbox 861 2892 968 2947; x_wconf 84' lang='lat' dir='ltr'><strong>alio</strong></span> <span class='ocrx_word' id='word_1_184' title='bbox 993 2892 1147 2945; x_wconf 88' lang='lat' dir='ltr'><strong>dedit</strong></span> <span class='ocrx_word' id='word_1_185' title='bbox 1171 2891 1368 2945; x_wconf 89' lang='lat' dir='ltr'><strong>ordine</strong></span> <span class='ocrx_word' id='word_1_186' title='bbox 1392 2890 1551 2945; x_wconf 83' lang='lat' dir='ltr'><strong>Luna</strong></span> 
     </span>
    </p>

    <p class='ocr_par' dir='ltr' id='par_1_31' title="bbox 339 2974 1813 3050">
     <span class='ocr_line' id='line_1_32' title="bbox 339 2974 1813 3050; baseline -0.004 -18"><span class='ocrx_word' id='word_1_187' title='bbox 339 2978 536 3035; x_wconf 87' lang='lat' dir='ltr'><strong>Felicis</strong></span> <span class='ocrx_word' id='word_1_188' title='bbox 559 2996 805 3050; x_wconf 88' lang='lat' dir='ltr'><strong>operum.</strong></span> <span class='ocrx_word' id='word_1_189' title='bbox 881 2980 1146 3046; x_wconf 85' lang='lat' dir='ltr'><strong>Quintam</strong></span> <span class='ocrx_word' id='word_1_190' title='bbox 1169 2980 1298 3045; x_wconf 77' lang='lat' dir='ltr'><strong>fuge</strong></span> <span class='ocrx_word' id='word_1_191' title='bbox 1317 2997 1331 3033; x_wconf 72' lang='grc' dir='ltr'><strong>ε</strong></span> <span class='ocrx_word' id='word_1_192' title='bbox 1374 2976 1611 3046; x_wconf 86' lang='lat' dir='ltr'><strong>pallidus</strong></span> <span class='ocrx_word' id='word_1_193' title='bbox 1634 2974 1813 3027; x_wconf 85' lang='lat' dir='ltr'><strong>Orcus</strong></span> 
     </span>
    </p>

    <p class='ocr_par' dir='ltr' id='par_1_32' title="bbox 339 3059 1792 3138">
     <span class='ocr_line' id='line_1_33' title="bbox 339 3059 1792 3138; baseline -0.006 -18"><span class='ocrx_word' id='word_1_194' title='bbox 339 3067 778 3138; x_wconf 87' lang='lat' dir='ltr'><strong>Eumenidesque</strong></span> <span class='ocrx_word' id='word_1_195' title='bbox 805 3075 984 3129; x_wconf 70' lang='lat' dir='ltr'><strong>sataez</strong></span> <span class='ocrx_word' id='word_1_196' title='bbox 1024 3074 1144 3120; x_wconf 83' lang='lat' dir='ltr'><strong>tum</strong></span> <span class='ocrx_word' id='word_1_197' title='bbox 1169 3074 1334 3133; x_wconf 84' lang='lat' dir='ltr'><strong>partu</strong></span> <span class='ocrx_word' id='word_1_198' title='bbox 1359 3064 1529 3117; x_wconf 83' lang='lat' dir='ltr'><strong>Terra</strong></span> <span class='ocrx_word' id='word_1_199' title='bbox 1552 3059 1792 3115; x_wconf 80' lang='lat' dir='ltr'><strong>nefando</strong></span> 
     </span>
    </p>

    <p class='ocr_par' dir='ltr' id='par_1_33' title="bbox 341 3144 1909 3223">
     <span class='ocr_line' id='line_1_34' title="bbox 341 3144 1909 3223; baseline -0.007 -16"><span class='ocrx_word' id='word_1_200' title='bbox 341 3154 661 3223; x_wconf 85' lang='lat' dir='ltr'><strong>Coeumque</strong></span> <span class='ocrx_word' id='word_1_201' title='bbox 687 3154 1048 3223; x_wconf 86' lang='lat' dir='ltr'><strong>Iapetumque</strong></span> <span class='ocrx_word' id='word_1_202' title='bbox 1073 3156 1240 3223; x_wconf 75' lang='lat' dir='ltr'><strong>creat,</strong></span> <span class='ocrx_word' id='word_1_203' title='bbox 1273 3164 1607 3215; x_wconf 82' lang='lat' dir='ltr'><strong>saevumque</strong></span> <span class='ocrx_word' id='word_1_204' title='bbox 1632 3144 1909 3213; x_wconf 74' lang='lat' dir='ltr'><strong>Typhoe‘a,</strong></span> 
     </span>
    </p>

    <p class='ocr_par' dir='ltr' id='par_1_34' title="bbox 341 3236 1617 3296">
     <span class='ocr_line' id='line_1_35' title="bbox 341 3236 1617 3296; baseline -0.004 -3"><span class='ocrx_word' id='word_1_205' title='bbox 341 3238 416 3295; x_wconf 84' lang='lat' dir='ltr'><strong>Et</strong></span> <span class='ocrx_word' id='word_1_206' title='bbox 433 3242 748 3296; x_wconf 86' lang='lat' dir='ltr'><strong>coniuratos</strong></span> <span class='ocrx_word' id='word_1_207' title='bbox 773 3241 984 3295; x_wconf 88' lang='lat' dir='ltr'><strong>caelum</strong></span> <span class='ocrx_word' id='word_1_208' title='bbox 1008 3237 1318 3293; x_wconf 85' lang='lat' dir='ltr'><strong>rescindere</strong></span> <span class='ocrx_word' id='word_1_209' title='bbox 1343 3236 1617 3290; x_wconf 82' lang='lat' dir='ltr'><strong>fratres—-</strong></span> 
     </span>
    </p>

    <p class='ocr_par' dir='ltr' id='par_1_35' title="bbox 341 3314 1513 3410">
     <span class='ocr_line' id='line_1_36' title="bbox 341 3314 1513 3410; baseline -0.006 -30"><span class='ocrx_word' id='word_1_210' title='bbox 341 3327 444 3381; x_wconf 88' lang='lat' dir='ltr'><strong>Ter</strong></span> <span class='ocrx_word' id='word_1_211' title='bbox 469 3332 600 3381; x_wconf 85' lang='lat' dir='ltr'><strong>sunt</strong></span> <span class='ocrx_word' id='word_1_212' title='bbox 622 3321 1117 3394; x_wconf 62' lang='lat' dir='ltr'><strong>eonatibimponere</strong></span> <span class='ocrx_word' id='word_1_213' title='bbox 1141 3314 1513 3410; x_wconf 63' lang='lat' dir='ltr'><strong>PeliofOssam</strong></span> 
     </span>
    </p>

    <p class='ocr_par' dir='ltr' id='par_1_36' title="bbox 341 3402 1979 3481">
     <span class='ocr_line' id='line_1_37' title="bbox 341 3402 1979 3481; baseline -0.007 -14"><span class='ocrx_word' id='word_1_214' title='bbox 341 3414 576 3481; x_wconf 88' lang='lat' dir='ltr'><strong>Scilicet,</strong></span> <span class='ocrx_word' id='word_1_215' title='bbox 606 3420 769 3481; x_wconf 83' lang='lat' dir='ltr'><strong>atque</strong></span> <span class='ocrx_word' id='word_1_216' title='bbox 795 3402 966 3466; x_wconf 79' lang='lat' dir='ltr'><strong>Ossae</strong></span> <span class='ocrx_word' id='word_1_217' title='bbox 989 3409 1304 3465; x_wconf 80' lang='lat' dir='ltr'><strong>frondosum</strong></span> <span class='ocrx_word' id='word_1_218' title='bbox 1333 3407 1619 3463; x_wconf 75' lang='lat' dir='ltr'><strong>involvere</strong></span> <span class='ocrx_word' id='word_1_219' title='bbox 1642 3404 1979 3473; x_wconf 76' lang='lat' dir='ltr'><strong>Olympum3</strong></span> 
     </span>
    </p>

    <p class='ocr_par' dir='ltr' id='par_1_37' title="bbox 341 3491 1768 3554">
     <span class='ocr_line' id='line_1_38' title="bbox 341 3491 1768 3554; baseline -0.004 -2"><span class='ocrx_word' id='word_1_220' title='bbox 341 3500 447 3553; x_wconf 86' lang='lat' dir='ltr'><strong>Ter</strong></span> <span class='ocrx_word' id='word_1_221' title='bbox 469 3500 636 3554; x_wconf 79' lang='lat' dir='ltr'><strong>Pater</strong></span> <span class='ocrx_word' id='word_1_222' title='bbox 661 3504 972 3553; x_wconf 83' lang='lat' dir='ltr'><strong>exstructos</strong></span> <span class='ocrx_word' id='word_1_223' title='bbox 995 3496 1214 3551; x_wconf 83' lang='lat' dir='ltr'><strong>disiecit</strong></span> <span class='ocrx_word' id='word_1_224' title='bbox 1237 3496 1467 3550; x_wconf 82' lang='lat' dir='ltr'><strong>fulmine</strong></span> <span class='ocrx_word' id='word_1_225' title='bbox 1490 3491 1768 3548; x_wconf 81' lang='lat' dir='ltr'><strong>montis-</strong></span> 
     </span>
    </p>
   </div>
   <div class='ocr_carea' id='block_1_3' title="bbox 2270 632 2377 685">
    <p class='ocr_par' dir='ltr' id='par_1_38' title="bbox 2270 632 2377 685">
     <span class='ocr_line' id='line_1_39' title="bbox 2270 632 2377 685; baseline 0 0"><span class='ocrx_word' id='word_1_226' title='bbox 2270 632 2377 685; x_wconf 74' lang='lat'><strong>250</strong></span> 
     </span>
    </p>
   </div>
   <div class='ocr_carea' id='block_1_4' title="bbox 2272 1500 2379 1551">
    <p class='ocr_par' dir='ltr' id='par_1_39' title="bbox 2272 1500 2379 1551">
     <span class='ocr_line' id='line_1_40' title="bbox 2272 1500 2379 1551; baseline 0 0"><span class='ocrx_word' id='word_1_227' title='bbox 2272 1500 2379 1551; x_wconf 74' lang='lat'><strong>260</strong></span> 
     </span>
    </p>
   </div>
   <div class='ocr_carea' id='block_1_5' title="bbox 2272 1934 2375 1986">
    <p class='ocr_par' dir='ltr' id='par_1_40' title="bbox 2272 1934 2375 1986">
     <span class='ocr_line' id='line_1_41' title="bbox 2272 1934 2375 1986; baseline 0.01 -1"><span class='ocrx_word' id='word_1_228' title='bbox 2272 1934 2375 1986; x_wconf 74' lang='lat'><strong>2⁶5</strong></span> 
     </span>
    </p>
   </div>
   <div class='ocr_carea' id='block_1_6' title="bbox 2272 2366 2378 2423">
    <p class='ocr_par' dir='ltr' id='par_1_41' title="bbox 2272 2366 2378 2423">
     <span class='ocr_line' id='line_1_42' title="bbox 2272 2366 2378 2423; baseline 0 -1"><span class='ocrx_word' id='word_1_229' title='bbox 2272 2366 2378 2423; x_wconf 77' lang='lat'><strong>2¹70</strong></span> 
     </span>
    </p>
   </div>
   <div class='ocr_carea' id='block_1_7' title="bbox 2266 3235 2373 3288">
    <p class='ocr_par' dir='ltr' id='par_1_42' title="bbox 2266 3235 2373 3288">
     <span class='ocr_line' id='line_1_43' title="bbox 2266 3235 2373 3288; baseline 0.009 -1"><span class='ocrx_word' id='word_1_230' title='bbox 2266 3235 2373 3288; x_wconf 74' lang='lat'><strong>280</strong></span> 
     </span>
    </p>
   </div>
  </div>
 </body>
</html>
