2725 3892
990 177 1266 230 mom
1310 175 1642 228 ABNmnos
1683 177 1752 229 Π.

354 340 603 396 Panthus
626 337 957 408 Othryades,
986 339 1127 394 areis
1150 338 1471 408 Phoebique
1493 337 1767 407 sacerdos,

354 427 525 483 Sacra
544 443 713 481 manu
736 427 1021 496 victosque
1043 425 1177 480 deos
1198 441 1540 495 parvumque
1561 430 1824 494 nepotem

354 512 479 584 Ipse
503 513 691 582 trabit,
719 528 993 584 cursuque
1016 527 1203 566 amens
1227 511 1298 568 ad
1320 511 1514 566 limina
1537 511 1734 566 tendit.

356 601 393 631 “
409 600 535 666 Quo
557 613 649 654 res
670 615 885 654 summa
906 599 1047 668 looo,
1075 599 1335 654 Panthu?
1376 615 1540 668 quam
1567 597 1890 668 prendimus
1913 611 2092 652 areem
2111 598 2134 652 ἲ
2155 597 2191 628 ”

354 685 469 740 Vix
494 703 561 742 ea
580 686 729 740 fatus
751 702 919 754 eram,
946 686 1155 754 gemitu
1180 701 1307 756 oum
1330 685 1466 739 talia
1487 684 1698 739 reddit:

359 775 393 804 ‘⁴
416 773 591 828 Venit
612 788 825 826 summa
846 771 966 826 dies
990 776 1047 825 et
1070 771 1422 826 ineluctabile
1445 777 1662 839 tempus

356 857 683 914 Dardaniae.
754 857 985 912 Fuimus
1007 857 1193 926 Troes,
1224 857 1333 910 fuit
1354 857 1518 911 Ilium
1545 861 1604 910 et
1628 857 1822 925 ingens

357 939 553 1000 Gloria
570 945 935 1012 Teucrorum3
970 945 1129 998 ferus
1153 944 1341 998 omnia
1366 943 1618 1012 Iuppiter
1642 941 1826 1011 Argos

355 1030 683 1098 Transtulit3
723 1032 947 1086 ineensa
966 1030 1149 1086 Danai
1172 1028 1528 1084 dominantur
1551 1029 1611 1081 in
1633 1028 1784 1084 urbe.

356 1117 580 1171 Arduus
602 1122 845 1172 armatos
866 1117 1064 1172 mediis
1084 1117 1146 1170 in
1172 1114 1464 1170 moenibus
1485 1119 1669 1168 astans

355 1203 561 1258 Fundit
583 1221 771 1276 equus,
797 1204 1084 1274 victorque
1104 1201 1281 1258 Sinon
1306 1200 1560 1256 inoendia
1584 1201 1780 1256 misoet

354 1289 649 1345 Insultans.
720 1289 911 1344 Portis
933 1290 1026 1345 alii
1050 1287 1428 1359 bipatentibus
1454 1285 1669 1356 adsunt,

354 1375 509 1432 Milia
531 1381 669 1447 quot
690 1377 903 1446 magnis
928 1391 1185 1446 umquam
1210 1389 1414 1430 venere
1439 1372 1716 1442 Mycenis3

355 1463 633 1518 obsedere
656 1463 751 1518 alii
776 1463 900 1518 telis
922 1468 1155 1532 angusta
1176 1463 1394 1517 viarum

356 1548 638 1620 Oppositi3
679 1554 791 1604 stat
812 1550 951 1604 ferri
975 1549 1121 1604 aeies
1142 1564 1410 1604 mucrone
1431 1563 1660 1602 eoruseo

355 1635 573 1706 Stricta,
598 1641 793 1706 parata
815 1637 971 1705 neoi;
1007 1636 1106 1690 vix
1126 1635 1295 1705 primi
1318 1635 1532 1705 proelia
1555 1638 1832 1705 temptant

354 1719 647 1777 Portarum
672 1722 881 1792 vigiles,
910 1727 967 1778 et
990 1737 1153 1778 caeco
1176 1722 1357 1778 Marte
1383 1720 1698 1778 resistunt.”

354 1808 575 1864 Talibus
598 1809 919 1878 Othryadae
942 1809 1107 1864 dietis
1130 1814 1187 1864 et
1210 1809 1436 1864 numine
1456 1809 1647 1864 divom

354 1893 421 1949 In
444 1893 691 1950 flammas
714 1901 771 1950 et
794 1896 853 1949 in
876 1911 1031 1950 arma
1051 1896 1221 1962 feror,
1250 1911 1361 1966 quo
1385 1897 1558 1951 tristis
1581 1897 1799 1967 Erinys,-

356 1979 479 2046 Quo
502 1982 759 2036 fremitus
784 1987 945 2036 vocat
968 1987 1027 2036 et
1048 1981 1297 2036 sublatus
1319 1983 1390 2038 ad
1416 1984 1642 2040 aethera
1663 1985 1887 2040 elamor.

354 2067 588 2122 Addunt
610 2085 669 2122 se
691 2068 869 2123 socios
890 2069 1135 2138 Ripheus
1158 2075 1217 2124 et
1238 2070 1514 2124 maximus
1535 2071 1704 2126 armis

352 2151 583 2222 Epytus,
612 2153 777 2209 oblati
802 2172 902 2224 per
925 2155 1131 2226 lunam,
1156 2155 1516 2226 Hypanisque
1543 2157 1878 2228 Dymasque,

353 2238 429 2294 Et
450 2239 615 2294 lateri
638 2239 1017 2309 agglomerant
1038 2247 1246 2310 nostro,
1274 2243 1598 2313 iuvenisque
1625 2243 1922 2314 Coroebus,

351 2324 732 2394 Mygdonides.
804 2325 921 2382 Illis
944 2327 1016 2382 ad
1038 2327 1259 2382 Troiam
1282 2329 1430 2384 forte
1451 2329 1648 2386 diebus

353 2410 615 2482 Venerat,
640 2414 838 2467 insano
861 2412 1201 2470 Cassandrae
1222 2415 1482 2470 incensus
1509 2433 1714 2486 amore,

352 2497 425 2554 Et
448 2515 616 2568 gener
639 2498 904 2554 auxilium
929 2499 1155 2556 Priamo
1174 2499 1594 2572 Phrygibusque
1619 2503 1851 2571 ferebat,

352 2583 569 2650 Infelix,
598 2586 691 2656 qui
714 2601 830 2639 non
852 2601 1085 2655 sponsae
1108 2595 1406 2657 praecepta
1431 2588 1666 2644 furentis

353 2669 625 2726 Audierit.

354 2755 503 2822 Quos
524 2757 625 2812 ubi
648 2757 933 2813 eonfertos
954 2759 1159 2816 audere
1180 2761 1239 2816 in
1264 2763 1477 2830 proelia
1497 2763 1628 2830 vidi,

350 2841 562 2912 Incipio
586 2861 751 2914 super
772 2843 893 2900 his:
938 2847 971 2876 ‘⁴
990 2845 1238 2916 Iuvenes,
1269 2849 1574 2906 fortissima
1593 2850 1802 2906 frustra

350 2927 601 2995 Peetora,
626 2931 675 2984 si
697 2931 861 2986 vobis
881 2931 1179 2988 audentem
1201 2939 1454 2992 extrema
1479 2935 1682 3007 eupido

350 3013 516 3071 Certa
536 3017 907 3088 sequi—quae
924 3017 999 3073 sit
1019 3019 1183 3076 rebus
1206 3019 1433 3078 fortuna
1455 3021 1687 3078 videtis:

350 3099 647 3158 Excessere
668 3119 875 3172 omnes,
898 3103 1079 3172 adytis
1104 3105 1321 3177 arisque
1348 3107 1572 3178 reliotis,

350 3185 437 3256 Di,
464 3187 663 3258 quibus
684 3190 979 3262 inperium
1002 3190 1112 3247 boo
1136 3197 1395 3262 steteram
1436 3195 1756 3250 sueonrritis
1781 3197 1904 3253 urbi

350 3271 1001 3346 quernae—moriamur,
1026 3283 1085 3334 et
1106 3278 1169 3334 in
1188 3280 1376 3336 media
1397 3294 1554 3337 arma
1574 3298 1815 3337 ruamus.

350 3357 473 3416 Una
493 3361 641 3417 salus
664 3361 841 3437 vietis,
868 3361 1079 3420 nullam
1100 3381 1325 3435 sperare
1348 3367 1640 3424 salutem.”

352 3443 441 3503 sie
463 3447 661 3504 animis
681 3449 942 3504 iuvenum
968 3449 1129 3507 furor
1152 3451 1387 3509 additus.
1461 3453 1614 3522 Inde,
1641 3454 1756 3523 lupi
1784 3471 1886 3510 eeu

1388 3575 1500 3626 „w

2279 427 2387 480 820

2281 857 2386 912 825

2281 1291 2386 1346 830

2281 1725 2384 1779 ⁸³5

2275 3025 2380 3080 850

2273 3453 2377 3504 856
