2725 3892
1012 871 1070 938 P.
1097 869 1375 938 VERGILI
1412 869 1649 940 MARON
1652 867 1715 937 IS

867 1053 961 1130 A
1017 1053 1090 1127 E
1147 1052 1235 1128 N
1293 1052 1366 1125 E
1428 1051 1470 1125 I
1527 1050 1609 1125 D
1670 1049 1743 1126 Ο
1806 1050 1863 1126 S

974 1245 1244 1308 LIBER
1297 1243 1741 1320 QUARTUS.

337 1572 420 1628 At
443 1573 636 1642 regina
657 1571 814 1642 gravi
839 1569 1154 1626 iamdudum
1181 1571 1365 1626 saucia
1388 1586 1521 1626 cura

339 1658 558 1714 Volnus
581 1659 680 1714 alit
703 1658 876 1726 venis,
903 1661 962 1712 et
983 1673 1148 1713 caeco
1173 1657 1414 1726 carpitur
1437 1656 1571 1726 igni.

337 1745 518 1802 Multa
539 1745 648 1800 viri
672 1745 849 1800 virtue
872 1744 1075 1812 animo,
1101 1743 1415 1814 multusque
1438 1745 1687 1800 recursat

339 1835 538 1890 Gentis
559 1834 770 1900 honos3
809 1833 1042 1888 haerent
1067 1833 1224 1888 infixi
1247 1839 1473 1902 pectore
1498 1832 1681 1887 voltus

339 1921 652 1990 Verbaque,
679 1934 784 1974 nec
807 1917 1078 1988 placidam
1103 1917 1366 1974 membris
1388 1918 1487 1974 dat
1508 1934 1643 1974 cura
1664 1917 1919 1988 quietem.

340 2007 575 2064 Postera
596 2005 860 2061 Phoebea
882 2006 1151 2062 lustrabat
1175 2007 1428 2077 lampade
1452 2013 1629 2062 terras

341 2095 746 2164 Umentemque
773 2093 992 2149 Aurora
1013 2094 1142 2164 polo
1166 2095 1477 2172 dimerserat
1500 2094 1769 2160 umbram,

338 2186 478 2241 Oum
505 2187 585 2242 sio
603 2186 920 2243 unanimam
943 2185 1262 2258 adloquitur
1285 2182 1429 2238 male
1451 2199 1585 2237 sana
1609 2199 1883 2238 sororem:

342 2275 378 2302 “
393 2272 564 2328 Anna
585 2289 756 2344 soror,
784 2291 922 2346 quae
943 2290 1036 2329 me
1053 2289 1371 2344 suspensam
1394 2273 1675 2329 insomnia
1694 2273 1939 2328 terrent!

337 2361 474 2427 Quis
495 2377 676 2416 novus
696 2359 798 2416 hio
813 2363 1020 2418 nostris
1041 2361 1305 2418 succeseit
1327 2360 1549 2416 sedibus
1572 2359 1787 2432 hospes,

337 2447 514 2514 Quem
539 2463 656 2504 sese
679 2465 776 2504 ore
797 2449 995 2517 ferens,
1021 2465 1186 2520 quam
1210 2449 1346 2506 forti
1369 2453 1593 2518 pectore
1615 2453 1673 2504 et
1696 2447 1892 2503 armis!

337 2533 522 2590 Oredo
546 2536 818 2608 equidem,
843 2553 948 2592 nec
973 2553 1117 2593 vana
1137 2535 1288 2606 fides,
1315 2553 1491 2607 genus
1514 2551 1633 2592 esse
1654 2535 1899 2592 deorum.

336 2619 650 2692 Degeneres
671 2624 890 2679 animos
910 2624 1080 2680 timor
1103 2625 1302 2694 arguit.
1376 2623 1517 2693 Heu,
1545 2623 1743 2694 quibus
1764 2622 1858 2678 ille

335 2706 577 2764 Iactatus
599 2711 762 2766 fetis!
804 2727 946 2781 quae
972 2711 1116 2768 bella
1137 2710 1407 2768 exhausta
1428 2711 1658 2766 canebat
1676 2711 1690 2764 1

335 2795 392 2849 si
417 2796 554 2850 mihi
577 2813 692 2852 non
717 2797 902 2852 animo
924 2797 1096 2853 fixum
1121 2798 1521 2868 immotumque
1544 2793 1774 2864 sederet,

335 2879 422 2936 Ne
447 2883 536 2938 cui
561 2899 648 2938 me
673 2883 857 2938 vinclo
883 2883 1080 2942 vellem
1107 2885 1316 2940 sociare
1339 2883 1523 2953 iugali,

332 2967 630 3039 Postquam
657 2971 868 3040 primus
890 2989 1046 3027 amor
1067 2971 1358 3040 deceptam
1381 2975 1563 3026 morte
1586 2969 1813 3040 fefellit3

333 3055 390 3110 Si
415 3073 529 3112 non
553 3065 865 3128 pertaesum
891 3059 1123 3116 thalami
1146 3059 1453 3130 taedaeque
1475 3059 1690 3126 fuisset,

333 3143 478 3200 Huic
501 3147 599 3199 uni
621 3147 816 3202 forsan
837 3147 996 3216 potui
1019 3148 1377 3203 succumbere
1400 3146 1609 3215 culpae.

333 3229 514 3298 Anna,
541 3231 766 3287 fatebor
790 3233 954 3302 enim,
981 3234 1168 3288 miseri
1189 3238 1320 3304 post
1343 3234 1459 3288 fata
1482 3231 1717 3300 Sychaei

333 3315 596 3387 Coniugis
621 3323 680 3373 et
703 3336 926 3388 sparsos
947 3321 1197 3376 fraterna
1224 3319 1395 3375 caede
1420 3318 1657 3385 Penatis,

331 3401 492 3459 Solus
513 3405 606 3461 hic
629 3405 845 3462 inflexit
866 3423 1070 3476 sensus,
1099 3407 1453 3476 animumque
1476 3404 1754 3460 labantem

329 3487 574 3561 Impulit.
647 3491 908 3562 Agnosco
931 3495 1141 3550 veteris
1161 3493 1399 3560 vestigia
1422 3490 1691 3546 flammae.

2301 2361 2369 2416 10

2298 2796 2367 2850 15

2298 3227 2369 3280 20
