2725 3892
945 171 1223 223 VERGILI
1265 171 1595 224 mumos
1638 172 1728 224 IV.

327 335 472 407 Vixi,
502 343 576 406 et,
605 352 768 407 quem
794 334 1023 389 dederat
1046 350 1262 388 cursum
1289 334 1529 401 fortuna,
1556 335 1773 403 peregi3

325 423 398 479 Et
420 440 568 478 nunc
591 439 795 492 magna
819 421 926 476 mei
949 421 1054 476 sub
1077 425 1253 476 terras
1277 421 1379 475 ibit
1402 421 1601 490 imago.

327 511 530 566 Urbem
556 509 896 580 praeclaram
922 507 1123 575 statui;
1163 525 1288 563 mea
1309 509 1531 562 moenia
1554 509 1704 577 vidi3

326 596 458 652 Ulta
479 599 678 666 virum,
707 611 916 665 poenas
937 595 1164 650 inimico
1189 611 1224 648 a
1243 595 1423 650 fratre
1446 595 1661 664 recepi3

325 683 496 750 Felix,
523 683 634 737 heu
659 681 892 736 nimium
915 681 1065 748 felix,
1093 682 1140 734 si
1163 681 1330 735 litora
1351 687 1571 735 tantum

325 771 642 840 Numquam
667 768 980 824 Dardaniae
1003 768 1320 836 tetigissent
1343 773 1539 822 nostra
1560 768 1807 823 carinae!
1829 767 1863 798 ”

325 857 498 926 Dixit,
527 861 600 924 et,
627 871 690 909 os
713 855 978 924 impressa
999 861 1141 922 toro,
1175 855 1210 883 “
1224 853 1521 908 Moriemur
1544 854 1769 921 inultae,

327 943 435 998 Sed
460 941 764 996 moriamur
781 941 813 970 ”
840 942 936 998 ait.
1013 943 1049 970 “
1067 940 1176 1010 Sic,
1203 941 1282 995 sic
1307 941 1463 996 iuvat
1482 941 1567 994 ire
1588 941 1691 995 sub
1716 941 1955 998 umbras.

327 1031 565 1086 Hauriat
586 1028 736 1082 hunc
762 1028 936 1084 oculis
955 1029 1144 1098 ignem
1167 1025 1409 1082 crudelis
1430 1028 1501 1082 ab
1526 1027 1643 1082 alto

327 1117 635 1185 Dardanus,
664 1121 722 1169 et
744 1119 968 1170 nostrae
993 1131 1180 1170 secum
1205 1114 1350 1170 ferat
1374 1115 1561 1170 omina
1584 1115 1831 1171 mortis.”

326 1205 594 1271 Dixerat3
636 1209 800 1272 atque
823 1202 974 1256 illam
995 1202 1180 1258 media
1203 1203 1350 1258 inter
1374 1202 1509 1257 talia
1530 1202 1679 1257 ferro

329 1291 662 1361 Oonlapsam
687 1289 960 1359 aspiciunt
983 1291 1228 1357 comites,
1257 1307 1557 1359 ensemque
1578 1307 1779 1346 cruore

330 1377 706 1448 Spumantem,
737 1391 1060 1446 sparsasque
1083 1393 1294 1432 manus.
1369 1377 1424 1432 It
1446 1377 1655 1432 clamor
1678 1377 1745 1440 ad
1772 1376 1889 1433 alta

329 1468 526 1534 Atria3
568 1483 892 1522 concussam
916 1466 1214 1522 baechatur
1235 1465 1411 1520 Fama
1433 1481 1533 1534 per
1556 1465 1768 1518 urbem.

329 1553 612 1610 Lamentis
635 1553 954 1624 gemituque
975 1558 1036 1608 et
1057 1553 1296 1608 femineo
1321 1552 1533 1606 ululatu

329 1641 498 1696 Tecta
520 1641 792 1709 fremunt3
831 1645 1055 1695 resonat
1079 1641 1290 1709 magnis
1311 1639 1671 1708 plangoribus
1694 1638 1902 1694 aether.

331 1727 461 1784 Non
488 1728 662 1797 aliter,
695 1743 858 1798 quam
883 1727 928 1780 si
956 1727 1214 1782 immissis
1238 1733 1366 1782 ruat
1390 1725 1643 1780 hostibus
1666 1725 1847 1779 omnis

331 1817 620 1888 Karthago
647 1826 742 1875 aut
766 1820 992 1890 antiqua
1013 1820 1204 1889 Tyros,
1231 1820 1595 1888 flammaeque
1618 1819 1869 1872 furentes

332 1904 588 1960 Culmina
611 1922 820 1976 perque
844 1907 1133 1962 hominum
1158 1906 1455 1960 volvuntur
1479 1921 1685 1974 perque
1708 1903 1955 1958 deorum.

331 1993 530 2048 Audiit
553 1995 838 2062 exanimis,
863 1995 1192 2064 trepidoque
1218 1993 1488 2048 exterrita
1511 2009 1673 2047 cursu

331 2079 620 2149 Unguibus
644 2097 744 2138 ora
765 2097 924 2137 soror
945 2082 1180 2138 foedans
1203 2087 1262 2136 et
1282 2087 1509 2152 pectora
1533 2082 1732 2151 pugnis

331 2165 440 2221 Per
465 2167 676 2222 medios
698 2168 824 2236 ruit,
853 2186 917 2224 ac
941 2169 1276 2224 morientem
1299 2169 1525 2222 nomine
1548 2168 1777 2222 clamat:

334 2255 368 2282 “
385 2253 510 2308 Hoc
535 2253 688 2322 illud,
714 2271 993 2325 germana,
1021 2257 1169 2311 fuiti
1205 2271 1294 2310 me
1317 2254 1515 2310 fraude
1538 2254 1799 2323 petebas?

333 2339 454 2396 Hoc
479 2357 646 2411 rogus
667 2343 775 2396 iste
797 2343 952 2412 mihi,
979 2343 1086 2398 hoc
1109 2343 1266 2411 ignes
1289 2357 1525 2411 araeque
1547 2340 1853 2410 parabant?

333 2426 478 2492 Quid
503 2429 744 2498 primum
767 2428 988 2485 deserta
1013 2430 1246 2501 quer-ari
1285 2430 1617 2485 comitemne
1641 2443 1888 2482 sororem

333 2514 602 2584 Sprevisti
625 2516 902 2572 moriensi
975 2516 1184 2572 Eadem
1208 2533 1298 2572 me
1321 2517 1393 2572 ad
1418 2517 1538 2571 fata
1560 2531 1841 2580 vocassem

334 2598 490 2654 Idem
514 2601 702 2656 ambas
725 2603 876 2658 ferro
901 2590 1076 2672 dolor,
1107 2608 1272 2674 atque
1295 2604 1488 2659 eadem
1512 2587 1650 2658 hora
1673 2603 1903 2657 tulisset.

333 2684 438 2740 His
460 2687 630 2743 etiam
653 2689 828 2743 struxi
853 2690 1124 2756 manibus,
1159 2690 1477 2760 patriosque
1500 2689 1695 2744 vocavi

333 2771 494 2828 Voce
517 2773 664 2842 deos,
691 2774 770 2830 sic
793 2781 852 2830 te
875 2783 940 2830 ut
963 2777 1146 2846 posita
1170 2776 1409 2831 crudelis
1432 2777 1713 2831 abessem?

332 2857 612 2915 Exstinxti
637 2866 696 2917 te
718 2877 930 2933 meque,
961 2879 1133 2932 soror,
1163 2863 1534 2932 populumque
1560 2869 1853 2932 patresque

333 2945 594 3001 Sidonios
615 2948 918 3019 urbemque
939 2952 1112 3003 tuam.
1185 2948 1346 3018 Date,
1376 2948 1607 3004 volnera
1626 2947 1871 3018 lymphis

334 3032 591 3102 Abluam‚
620 3040 692 3100 et,
721 3041 1000 3090 extremus
1023 3037 1070 3090 si
1096 3037 1218 3106 quis
1241 3053 1407 3106 super
1428 3037 1633 3091 halitus
1656 3042 1819 3104 errat,

335 3118 447 3174 Ore
471 3121 706 3189 legam.’'
780 3121 872 3176 Sic
896 3122 1016 3177 fata
1038 3123 1240 3191 gradus
1265 3129 1516 3178 evaserat
1538 3122 1693 3190 altos,

333 3204 832 3277 Semianimemque
857 3207 982 3262 sinu
1005 3225 1324 3276 gentianam
1347 3208 1605 3279 amplexa
1627 3207 1857 3263 fovebat

335 3291 478 3346 Cum
502 3294 730 3363 gemitu,
757 3299 922 3362 atque
947 3299 1096 3349 atros
1119 3295 1362 3351 siccabat
1386 3301 1539 3350 veste
1563 3309 1803 3349 cruores.

335 3378 452 3446 Illa,
481 3379 666 3448 gravis
688 3378 884 3434 oculos
907 3385 1104 3436 conata
1127 3381 1400 3447 attollere,
1428 3399 1617 3434 rursus

333 3463 567 3529 Deficit;
607 3464 840 3520 infixum
867 3465 1174 3536 stt-idiunt>
1201 3477 1424 3536 pectore
1450 3467 1661 3521 volnus.

939 3551 969 3578 a·
982 3567 990 3579 ,

2254 942 2359 994 660

2254 1377 2359 1430 665

2258 1817 2361 1870 670

2258 2255 2361 2308 675

2260 2690 2363 2742 680

2262 3121 2365 3173 685
