2725 3892
986 224 1257 275 VERGILI
1302 222 1632 273 AENEIDOS
1677 222 1763 273 XI.

362 386 499 443 Fata
521 375 753 441 vocant:
794 384 942 440 salve
970 392 1252 440 aeternum
1281 384 1435 451 mihi,
1465 382 1703 449 maxime
1727 382 1898 451 Palla,

359 464 774 543 Aeternumque
799 472 980 527 vale.”
1054 470 1105 525 N
1112 489 1174 526 ec
1200 471 1357 541 plura
1383 470 1582 523 effatus
1607 470 1675 524 ad
1703 469 1844 523 altos

357 560 643 615 Tendebat
664 576 867 627 muros,
890 575 1245 628 gressumque
1268 558 1329 611 in
1354 562 1534 616 castra
1557 557 1784 611 ferebat.

428 647 653 718 Iamque
678 651 927 701 oratores
950 646 1182 700 aderant
1207 662 1275 699 ex
1300 645 1438 699 urbe
1463 642 1678 711 Latine,

360 734 545 788 Velati
570 734 738 787 ramis
763 732 930 801 oleae,
960 720 1285 802 veniamque
1314 736 1600 799 rogantes:

360 822 621 889 Corpora,
650 807 749 890 per
774 836 999 889 campos
1026 818 1173 872 ferro
1202 834 1341 887 quae
1369 818 1493 871 fusa
1515 816 1786 885 iacebant,

360 907 651 975 Reddet-et,
680 924 745 962 ac
768 907 983 961 tumulo
1006 907 1213 959 sineret
1240 904 1532 958 succedere
1557 910 1766 973 terrae3

360 994 586 1049 Nullum
612 1012 736 1049 cum
744 994 921 1049 victis
946 998 1223 1048 certamen
1256 996 1311 1045 et
1335 990 1562 1045 aethere
1587 992 1784 1057 cessim

359 1080 618 1136 Parceret
640 1074 952 1150 hospitibus
979 1074 1251 1151 quondam
1282 1078 1596 1163 socerisque
1620 1066 1846 1131 vocatis.

360 1167 511 1233 Quos
534 1160 712 1222 bonus
737 1154 970 1235 Aeneas,
1001 1166 1149 1221 haud
1177 1154 1524 1234 aspernanda
1547 1162 1840 1233 precantis,

357 1255 720 1325 Prosequitur
745 1256 921 1328 venia,
952 1260 1011 1307 et
1034 1253 1219 1307 verbis
1247 1252 1422 1305 haee
1407 1266 1630 1319 insuper
1654 1248 1840 1305 addit:

360 1343 395 1371 “
412 1341 695 1408 Quaenam
720 1358 821 1395 vos
844 1346 1004 1396 tanto
1029 1340 1249 1395 fortuna
1278 1338 1516 1407 indigna,
1550 1336 1747 1403 Latini,

357 1427 638 1500 Implicuit
662 1429 825 1510 bello,
854 1430 949 1498 qui
974 1444 1075 1482 nos
1099 1428 1323 1497 fugiatis
1350 1426 1598 1480 amicos?

357 1516 554 1571 Pacem
580 1533 669 1570 me
695 1517 962 1571 exanimis
982 1522 1039 1571 et
1062 1516 1258 1570 Martis
1282 1520 1432 1570 sorte
1459 1512 1763 1584 peremptis
1781 1514 1841 1549 1-

359 1602 575 1658 Oratis?
612 1604 863 1673 equidem
886 1608 947 1657 et
970 1603 1112 1657 vivis
1138 1594 1440 1658 concedere
1467 1598 1681 1655 vellem.

358 1688 476 1745 Nec
501 1690 646 1758 veni,
676 1690 781 1743 nisi
805 1690 925 1744 fata
948 1689 1127 1745 locum
1156 1690 1449 1759 sedeinque
1478 1688 1784 1755 dedissent;

356 1774 477 1831 Nec
501 1775 707 1831 bellum
732 1792 857 1831 oum
884 1781 1049 1845 gente
1075 1792 1242 1844 gero:
1282 1792 1381 1830 rex
1405 1781 1594 1829 nostra
1621 1772 1843 1844 reliquit

358 1863 627 1933 Hospitia,
656 1868 715 1919 et
738 1863 907 1917 Turni
933 1864 1121 1933 potius
1142 1880 1203 1917 ee
1227 1863 1461 1917 credidit
1487 1866 1673 1920 armis.

356 1950 607 2020 Aequius
628 1950 759 2004 huic
782 1948 1028 2005 Turnum
1053 1951 1237 2004 fuerat
1262 1966 1319 2005 se
1346 1966 1626 2020 opponere
1653 1952 1836 2037 morti.

358 2038 417 2091 Si
440 2037 646 2092 bellum
669 2037 831 2091 finire
855 2054 1036 2101 manu,
1066 2036 1109 2090 si
1134 2033 1337 2106 pellere
1362 2038 1602 2092 Teucros

359 2124 623 2195 Apparet,
651 2123 739 2177 his
758 2140 969 2179 mecum
998 2124 1183 2177 decuit
1206 2140 1535 2179 concurrere
1560 2124 1718 2185 telis:

356 2210 549 2278 Vixet,
578 2210 668 2263 eui
694 2210 863 2264 vitam
889 2210 1023 2263 deus
1046 2202 1143 2264 aut
1168 2228 1267 2265 sua
1290 2211 1488 2266 dextra
1511 2211 1764 2267 dedisset.

356 2296 522 2352 Nunc
546 2297 625 2351 ite
648 2302 705 2350 et
732 2297 940 2351 miseris
964 2299 1255 2366 supponite
1282 2298 1492 2353 civibus
1517 2299 1756 2367 iguem.'‘

355 2382 591 2439 Dixerat
614 2384 850 2439 Aeneae.
923 2382 1011 2437 Illi
1038 2386 1351 2457 obstipuere
1377 2385 1614 2463 sileam,

358 2470 731 2541 Conversique
757 2471 946 2525 oculos
968 2471 1116 2525 inter
1140 2490 1197 2527 se
1222 2478 1386 2543 atque
1411 2490 1512 2527 ora
1537 2474 1815 2539 tenebant.

357 2557 493 2612 Tum
519 2559 719 2627 senior,
748 2574 1071 2628 semperque
1096 2558 1237 2613 odiis
1263 2566 1319 2614 et
1344 2560 1574 2615 crimine
1600 2560 1846 2615 Drances

356 2642 611 2700 Infensus
634 2644 821 2700 iuveni
848 2643 1033 2699 Turno
1058 2646 1137 2700 sic
1163 2663 1259 2701 ore
1287 2646 1530 2721 vicissim

358 2730 497 2785 Orsa
518 2732 725 2787 refert:
772 2734 805 2761 “
823 2732 871 2787 Ο
894 2732 1049 2787 fama
1072 2732 1283 2801 ingens,
1314 2733 1594 2801 ingentior
1617 2734 1798 2802 armis,

358 2815 461 2871 Vir
486 2817 735 2887 Troiane,
764 2819 963 2889 quibus
986 2818 1137 2877 caelo
1162 2826 1221 2875 te
1244 2819 1499 2875 laudibus
1523 2821 1790 2891 aequem?

356 2904 677 2960 Iustitiaene
700 2906 853 2975 prius
876 2906 1062 2974 mirer,
1094 2906 1295 2961 belline
1318 2906 1608 2961 laborum?

358 2990 475 3047 Nos
501 3009 633 3047 vero
657 2992 793 3047 haee
816 2994 1054 3063 patriam
1082 2988 1225 3061 grati
1252 2994 1560 3049 referemus
1587 2994 1658 3049 ad
1683 2994 1892 3064 urbem,

356 3078 431 3134 Et
453 3086 525 3146 te,
554 3080 601 3133 si
626 3096 735 3149 qua
758 3081 903 3135 viam
929 3080 1149 3135 dederit
1172 3081 1420 3149 fortuna,
1453 3080 1652 3135 Latino

358 3166 649 3236 Iungemus
674 3168 817 3235 regi:
858 3172 1088 3237 quaerat
1112 3168 1215 3221 sibi
1240 3168 1470 3222 foedera
1493 3167 1722 3224 Turnus.

356 3252 502 3318 Quin
530 3258 589 3307 et
610 3253 794 3308 fatalis
815 3269 1103 3310 murorum
1130 3254 1384 3310 attollere
1408 3255 1599 3323 moles,

354 3340 605 3409 Saxaque
628 3340 953 3394 subvectare
976 3340 1179 3394 umeris
1205 3340 1442 3395 Troiana
1465 3341 1696 3396 iuvabit.
1701 3342 1734 3370 ”

356 3426 589 3481 Dixerat
610 3427 766 3493 haec,
796 3442 1013 3496 unoque
1038 3416 1231 3481 omnes
1254 3427 1448 3483 eadem
1473 3444 1568 3483 ore
1593 3426 1928 3484 fremebant.

352 3512 451 3569 Bis
475 3530 637 3569 senos
660 3512 921 3583 pepigere
945 3512 1078 3580 dies,
1106 3518 1162 3567 et
1188 3530 1323 3583 pace
1349 3520 1632 3584 sequestra

2292 646 2394 697 100

2291 1080 2392 1131 105

2291 1514 2394 1565 110

2291 1954 2391 2006 115

2291 2390 2392 2441 120

2289 2824 2389 2877 126

2285 3258 2390 3309 130
