2725 3892
957 217 1230 268 VERGILI
1273 217 1603 270 AENEIDOS
1649 219 1765 270 vn.

346 382 552 438 Indicit
574 381 768 452 primis
790 382 1068 448 iuvenum,
1099 385 1156 434 et
1179 379 1334 434 iubet
1357 396 1513 434 arma
1536 379 1739 448 parari,

345 469 534 524 Tutari
559 469 796 536 Italiam,
825 467 1118 521 detrudere
1145 467 1344 520 finibus
1365 467 1614 534 hostem3

345 557 416 611 Se
439 557 572 610 satis
595 554 864 609 ambobus
889 553 1220 622 Teucrisque
1247 554 1435 614 venire
1460 553 1793 622 Latinisque.
2276 553 2379 609 470

346 643 498 698 Haec
521 642 618 697 ubi
641 641 790 694 dicta
811 639 966 714 dedit
989 639 1254 709 divosque
1277 639 1336 693 in
1361 645 1497 693 vota
1518 640 1753 716 vocavit,

347 729 614 784 Certatim
641 743 760 782 sese
785 725 978 780 Rutuli
1001 725 1371 798 exhortantur
1394 727 1451 778 in
1478 743 1651 780 arma.

347 816 511 870 Hunc
533 815 700 869 decus
722 813 1002 882 egregium
1026 812 1244 867 formae
1271 817 1459 865 movet
1486 819 1653 882 atque
1678 812 1956 882 iuventae,

349 903 510 956 Hunc
534 900 682 956 atavi
707 915 879 979 reges,
907 899 1058 952 hunc
1083 897 1244 952 claris
1267 897 1501 952 dextera
1524 899 1703 953 factis.

417 989 563 1043 Dum
589 971 806 1041 Turnus
829 985 1066 1040 Rutulos
1089 969 1289 1040 animis
1313 985 1613 1040 audacibus
1636 986 1845 1055 implet,
2278 987 2382 1042 4⁷5

349 1077 570 1132 Allecto
597 1075 656 1128 in
682 1073 918 1128 Teucros
943 1071 1148 1140 Stygiis
1173 1089 1232 1126 se
1257 1073 1501 1128 concitat
1525 1073 1641 1128 alis.

350 1164 492 1218 Arte
515 1178 662 1216 nova
683 1159 964 1230 speculata
987 1159 1186 1229 locum,
1216 1176 1326 1228 quo
1353 1159 1519 1214 litore
1543 1160 1775 1230 pulcher

349 1249 570 1306 Insidiis
595 1263 864 1316 cursuque
889 1247 1035 1302 feras
1059 1247 1306 1326 agitabat
1329 1248 1499 1316 Iulus,

349 1337 458 1392 Hic
481 1335 720 1390 subitam
745 1334 944 1390 cauibu
997 1333 1208 1388 rabiem
1237 1333 1475 1418 Cocytia
1496 1334 1654 1414 virgo
1900 1365 1909 1378 -

351 1423 540 1478 Obicit
551 1427 620 1498 9¹:
641 1409 804 1475 noto⁶
775 1350 1254 1490 ‘'ffiontingit
1277 1421 1465 1491 odore,
2164 1413 2182 1429 ⁶
2280 1427 2386 1476 480

351 1510 432 1564 Ut
455 1526 680 1564 cervum
703 1507 960 1562 ardentes
983 1491 1240 1576 agerent:
1287 1525 1427 1578 quae
1450 1510 1630 1578 prima
1650 1509 1905 1565 laborum

353 1597 532 1652 Causa
553 1596 660 1650 fuit
683 1594 938 1664 belloque
961 1595 1174 1648 animos
1199 1595 1455 1650 accendit
1482 1597 1729 1666 agrestis.

353 1686 563 1739 Cervus
587 1686 706 1737 erat
731 1683 916 1736 forma
939 1682 1242 1751 praestanti
1267 1691 1328 1736 et
1349 1684 1651 1737 cornibus·
1634 1699 1843 1752 ingens,

353 1770 656 1840 Tyrrhidae
681 1768 839 1838 pueri
865 1783 1030 1838 quem
1054 1770 1248 1823 matris
1273 1771 1344 1824 ab
1370 1770 1541 1823 ubere
1566 1777 1787 1839 raptum

355 1856 658 1911 Nutribant
682 1855 1068 1924 Tyrrhenaque
1093 1864 1270 1924 pater,
1299 1856 1389 1910 cui
1412 1857 1566 1924 regia
1590 1863 1791 1926 parent
2286 1861 2391 1912 486

293 1945 642 2054 lAmenta,
671 1951 728 1996 et
752 1942 864 1996 late
889 1941 1144 1996 custodia
1169 1943 1383 1996 credita
1406 1943 1603 2012 campi.

355 2029 670 2084 Adsuetum
695 2028 944 2097 imperiis
963 2045 1120 2083 soror
1147 2031 1298 2083 omni
1323 2029 1497 2083 Silvia
1520 2045 1655 2084 cura

355 2117 614 2172 Mollibus
636 2115 892 2169 intexens
915 2115 1152 2170 ornabat
1177 2132 1389 2179 cona
1412 2117 1588 2192 sertis,

355 2202 729 2271 Pectebatque
751 2202 946 2272 ferum,
973 2219 1224 2273 puroque
1250 2204 1308 2257 in
1335 2203 1499 2256 fonte
1520 2203 1759 2258 lavabat.

355 2289 474 2360 Ille,
501 2306 724 2344 manum
749 2285 968 2359 patiens
989 2307 1318 2360 mensaeque
1343 2291 1606 2344 adsuetus
1629 2290 1765 2358 erili,
2286 2295 2393 2347 490

354 2369 592 2433 Errabat
617 2377 780 2446 silvis,
809 2383 1104 2448 rursusque
1129 2378 1200 2432 sd
1223 2379 1417 2432 limina
1440 2383 1577 2431 nota

355 2466 482 2537 Ipse
507 2467 733 2521 domum
757 2483 883 2522 sera
907 2468 1154 2537 quamvis
1179 2484 1238 2521 se
1261 2472 1427 2520 nocte
1452 2466 1685 2520 ferebat,

357 2553 520 2624 Hunc
542 2555 738 2625 procul
762 2559 1040 2609 errantem
1064 2554 1288 2608 rabidae
1313 2554 1569 2608 venantis
1584 2551 1697 2607 ‘Iuli

223 2613 720 2700 *sttfominove're
745 2657 923 2710 canes,
953 2640 1124 2696 fluvio
1149 2657 1276 2696 cum
1299 2642 1453 2696 forte
1476 2640 1719 2695 secundo

355 2727 652 2798 Deflueret,
681 2729 914 2798 rIpaque
937 2734 1122 2783 aestus
1145 2729 1419 2782 viridante
1442 2727 1671 2782 levaret.
2286 2732 2391 2784 495

355 2817 480 2888 Ipse
505 2817 687 2885 etiam,
717 2817 950 2872 eximiae
972 2817 1152 2872 laudis
1177 2833 1473 2871 succensus
1502 2831 1706 2883 amore,

358 2905 630 2960 Ascanius
653 2922 824 2960 curvo
848 2905 1064 2959 derexit
1088 2903 1296 2974 spicula
1320 2919 1525 2968 cornu;

355 2989 476 3046 Nec
501 2991 727 3046 dextrae
752 2991 960 3056 erranti
986 2989 1120 3044 deus
1145 2991 1300 3059 afuit,
1329 2995 1559 3058 actaque
1582 2989 1760 3044 multo

357 3077 572 3148 Perque
597 3083 818 3134 uterum
842 3078 1026 3132 sonitu
1049 3092 1258 3147 perque
1280 3075 1377 3130 ilia
1400 3075 1556 3128 venit
1580 3057 1851 3129 harundo.

359 3163 585 3218 Saucius
609 3172 666 3219 at
692 3163 1000 3234 quadrupes
1022 3169 1158 3218 nota
1179 3164 1330 3216 intra
1353 3163 1505 3214 tecta
1528 3161 1753 3229 refugit,
2294 3159 2397 3209 500

359 3252 740 3320 Successitque
763 3265 988 3319 gemens
1011 3249 1256 3313 stabulis,
1287 3252 1594 3316 questuque
1618 3255 1884 3302 cruentus

362 3338 547 3407 Atque
571 3337 891 3406 imploranti
916 3336 1112 3390 similis
1133 3338 1344 3389 tectum
1372 3350 1535 3388 omne
1560 3334 1827 3402 replebat.

361 3423 530 3478 Silvia
552 3424 734 3494 prima
755 3437 926 3490 soror,
951 3421 1156 3492 palmis
1177 3435 1437 3489 percussa
1458 3419 1710 3488 lacertos,

363 3509 648 3564 Auxilium
668 3511 830 3562 vocat
853 3512 911 3562 et
933 3509 1102 3562 duros
1125 3505 1437 3560 conclamat
1460 3505 1705 3573 agrestis.
