2725 3892
974 195 1251 248 VERGILI
1292 196 1623 250 minos
1667 198 1760 250 111.

348 354 565 410 Deiecit
587 353 797 410 vultum
824 359 883 410 et
906 355 1143 412 demissa
1166 372 1305 412 voce
1324 355 1512 413 locuta
1535 362 1651 414 est:
2273 365 2380 418 820

350 440 387 468 “
403 439 451 492 Ο
475 439 612 493 felix
635 457 747 494 una
772 447 902 496 ante
926 441 1061 496 alias
1084 442 1359 498 Priameia
1383 444 1556 513 virgo,

346 525 618 580 Hostilem
642 526 713 580 ad
738 527 1009 582 tumulum
1034 529 1229 584 Troiae
1252 530 1355 584 sub
1379 531 1671 586 moenibus
1694 531 1821 586 altis

344 611 501 667 Iussa
522 611 681 680 mori,
710 629 849 682 quae
874 614 1101 668 sortitus
1124 631 1233 669 non
1259 615 1493 684 pertulit
1517 617 1672 686 ullos,

344 699 466 754 Nec
490 698 719 752 victoris
744 699 824 753 eri
846 700 1033 769 tetigit
1056 701 1277 770 captiva
1300 701 1506 757 cubile!

343 784 479 854 Nos,
506 785 687 854 patria
710 785 935 840 incensa
956 786 1173 842 diversa
1196 804 1298 858 per
1323 803 1566 858 aequora
1590 795 1795 860 vectae,
2273 797 2377 848 825

344 871 545 941 Stirpis
568 870 855 926 Achilleae
874 871 1055 928 tantus
1074 873 1442 944 iuvenemque
1465 877 1782 946 superbum,

344 959 586 1013 Servitio
608 959 819 1029 enixae,
846 959 1102 1028 tulimus;
1142 961 1237 1030 qui
1260 961 1478 1028 deinde,
1505 969 1728 1018 secutus

342 1043 613 1100 Ledaeam
639 1044 980 1100 Hermionen
1004 1045 1576 1117 Lacedaemoniosque
1601 1049 1952 1118 hymenaeos,

342 1131 435 1186 Me
457 1131 669 1187 famulo
692 1133 1065 1203 famulamque
1090 1134 1307 1190 Heleno
1332 1135 1639 1190 transmisit
1663 1135 1990 1192 habendam.

344 1219 449 1272 Ast
470 1219 642 1284 illum,
670 1222 893 1289 ereptae
909 1235 1113 1289 magno
1135 1221 1505 1278 inflammatus
1527 1238 1714 1278 amore
2275 1228 2380 1280 330

343 1304 606 1374 Coniugis
628 1312 686 1360 et
709 1305 975 1360 scelerum
1000 1306 1180 1362 Furiis
1202 1308 1460 1376 agitatus,
1485 1307 1715 1364 Orestes

340 1389 564 1461 Excipit
584 1391 867 1448 incautum
890 1394 1207 1464 patriasque
1234 1393 1531 1449 obtruncat
1553 1395 1622 1449 ad
1647 1411 1788 1450 aras.

340 1476 523 1532 Morte
548 1475 896 1548 Neoptolemi
924 1496 1223 1549 regnorum
1250 1480 1468 1536 reddita
1493 1482 1660 1536 cessit

342 1564 477 1619 Pars
501 1563 732 1636 Heleno,
760 1567 856 1636 qui
882 1566 1161 1622 Chaonios
1188 1568 1520 1638 cognomine
1542 1583 1768 1637 campos

342 1651 755 1721 Chaoniamque
778 1669 1001 1708 omnem
1025 1653 1264 1710 Troiano
1289 1671 1323 1710 a
1346 1653 1576 1709 Chaone
1601 1654 1760 1723 dixit,
2271 1658 2374 1712 885

342 1736 717 1808 Pergamaque
734 1737 1067 1810 Iliacamque
1090 1741 1231 1810 iugis
1252 1740 1398 1796 hanc
1420 1740 1634 1796 addidit
1657 1757 1855 1796 arcem.

338 1823 449 1880 Sed
472 1825 575 1879 tibi
598 1824 694 1894 qui
718 1843 937 1881 cursum
961 1827 1133 1896 venti,
1165 1842 1304 1895 quae
1326 1827 1446 1882 sata
1469 1827 1704 1882 dedere?

340 1913 461 1966 Aut
483 1914 733 1981 quisnam
758 1913 1011 1982 ignarum
1038 1914 1243 1968 nostris
1266 1913 1404 1968 deus
1425 1913 1640 1983 appulit
1663 1915 1809 1968 oria?

340 1998 487 2064 Quid
512 2015 649 2070 puer
674 1999 985 2055 Ascanian
1028 2005 1319 2070 superatne
1344 2005 1404 2054 et
1428 2001 1670 2055 vescitur
1691 2017 1842 2070 aura,

338 2085 517 2152 Quem
540 2086 640 2141 tibi
664 2087 777 2142 iam
800 2087 1037 2142 Troia—
2267 2091 2372 2142 840

336 2173 526 2242 Ecqua
546 2179 733 2230 tamen
756 2191 931 2244 puero
956 2179 1039 2229 est
1064 2176 1293 2230 amissae
1320 2191 1454 2230 cura
1477 2173 1758 2243 parentis?

336 2258 547 2330 Ecquid
572 2262 631 2316 in
655 2262 937 2332 antiquam
964 2261 1228 2317 virtutem
1252 2263 1574 2330 animosque
1597 2260 1772 2314 virilis

180 2357 245 2380 ἢ
336 2345 409 2398 Et
432 2352 591 2415 pater
615 2348 835 2404 Aeneas
860 2353 917 2404 et
942 2349 1245 2404 avunculus
1270 2348 1478 2402 excitat
1499 2347 1746 2402 Hectori
1769 2345 1802 2373 ”

335 2430 487 2488 Talia
508 2432 781 2488 fundebat
804 2435 1099 2490 lacrimans
1118 2434 1424 2504 longosque
1447 2433 1630 2488 ciebat

336 2519 617 2579 Incassum
640 2523 817 2593 fletus,
846 2541 969 2580 cum
996 2539 1113 2578 sese
1136 2539 1169 2577 a
1190 2520 1480 2576 moenibus
1502 2518 1668 2575 heros
2263 2523 2366 2576 845

332 2605 637 2666 Priamides
658 2611 849 2666 multis
870 2611 1115 2666 Helenus
1138 2607 1531 2664 comitantibus
1553 2606 1750 2677 adfert,

332 2695 713 2769 Agnoscitque
736 2714 878 2766 suos,
905 2698 1189 2768 laetusque
1213 2696 1282 2750 ad
1306 2694 1504 2750 limina
1525 2693 1693 2760 ducit,

330 2779 407 2836 Et
428 2783 659 2838 multum
688 2784 939 2840 lacrimas
961 2785 1133 2840 verba
1151 2785 1301 2838 inter
1322 2780 1542 2850 singula
1561 2781 1766 2834 fundit.

330 2867 593 2941 Procedo,
622 2875 680 2926 et
702 2887 931 2941 parvam
955 2871 1175 2927 Troiam
1200 2869 1564 2938 simulataque
1587 2867 1804 2937 magnis

328 2954 601 3028 Pergama
622 2965 681 3015 et
702 2965 949 3016 arentem
974 2959 1187 3015 Xanthi
1212 2959 1540 3030 cognomine
1567 2957 1746 3011 rivum
2259 2956 2366 3010 350

330 3043 607 3116 Agnosco,
636 3046 945 3117 Scaeaeque
970 3046 1273 3118 amplector
1296 3045 1492 3100 limina
1515 3047 1727 3114 portae.

226 3179 235 3188 .
327 3127 449 3186 Neo
472 3148 585 3188 non
609 3139 667 3187 et
689 3131 887 3188 Teucri
908 3133 1061 3190 socia
1082 3133 1245 3188 simul
1268 3133 1408 3187 urbe
1429 3132 1716 3185 fruuntur.

328 3215 459 3272 l'llos
480 3219 785 3288 porticibus
808 3237 905 3274 rex
931 3221 1237 3290 accipiebat
1258 3220 1317 3274 in
1342 3217 1570 3288 amplia3

328 3301 496 3360 Aulai
519 3305 701 3360 medio
722 3305 971 3362 libabant
994 3305 1191 3376 pocula
1216 3303 1441 3374 Bacchi,

328 3387 607 3460 Impositis
630 3407 771 3447 auro
792 3391 1039 3460 dapibus,
1066 3395 1392 3460 paterasque
1417 3389 1702 3446 tenebant.
2253 3387 2358 3442 856

224 3511 306 3524 m
396 3473 625 3546 Iamque
646 3475 766 3532 dies
788 3475 1036 3546 alterque
1058 3477 1177 3531 dies
1200 3475 1482 3546 prooessit,
1511 3481 1568 3530 et
1591 3489 1758 3530 aurae
