<?xml version="1.0" encoding="UTF-8"?>
<!DOCTYPE html PUBLIC "-//W3C//DTD XHTML 1.0 Transitional//EN"
    "http://www.w3.org/TR/xhtml1/DTD/xhtml1-transitional.dtd">
<html xmlns="http://www.w3.org/1999/xhtml" xml:lang="en" lang="en">
 <head>
  <title>
</title>
<meta http-equiv="Content-Type" content="text/html;charset=utf-8" />
  <meta name='ocr-system' content='tesseract 3.04.00' />
  <meta name='ocr-capabilities' content='ocr_page ocr_carea ocr_par ocr_line ocrx_word'/>
</head>
<body>
  <div class='ocr_page' id='page_1' title='image "arevisedtextpoe01virggoog_0208.png"; bbox 0 0 2725 3892; ppageno 0'>
   <div class='ocr_carea' id='block_1_1' title="bbox 967 203 1731 256">
    <p class='ocr_par' dir='ltr' id='par_1_1' title="bbox 967 203 1731 256">
     <span class='ocr_line' id='line_1_1' title="bbox 967 203 1731 256; baseline -0.003 0"><span class='ocrx_word' id='word_1_1' title='bbox 967 203 1244 256; x_wconf 75' lang='lat' dir='ltr'><strong>vnnelm</strong></span> <span class='ocrx_word' id='word_1_2' title='bbox 1287 203 1620 255; x_wconf 66' lang='lat' dir='ltr'><strong>Anumnos</strong></span> <span class='ocrx_word' id='word_1_3' title='bbox 1666 203 1731 255; x_wconf 82' lang='lat' dir='ltr'><strong>V.</strong></span> 
     </span>
    </p>
   </div>
   <div class='ocr_carea' id='block_1_2' title="bbox 329 364 1859 2001">
    <p class='ocr_par' dir='ltr' id='par_1_2' title="bbox 329 364 1859 2001">
     <span class='ocr_line' id='line_1_2' title="bbox 341 364 1771 438; baseline -0.006 -14"><span class='ocrx_word' id='word_1_4' title='bbox 341 368 591 438; x_wconf 77' lang='lat' dir='ltr'><strong>Vinaque</strong></span> <span class='ocrx_word' id='word_1_5' title='bbox 617 367 886 422; x_wconf 80' lang='lat' dir='ltr'><strong>fundebat</strong></span> <span class='ocrx_word' id='word_1_6' title='bbox 911 367 1132 435; x_wconf 74' lang='lat' dir='ltr'><strong>pateriS,</strong></span> <span class='ocrx_word' id='word_1_7' title='bbox 1163 365 1510 434; x_wconf 76' lang='lat' dir='ltr'><strong>animamque</strong></span> <span class='ocrx_word' id='word_1_8' title='bbox 1534 364 1771 418; x_wconf 81' lang='lat' dir='ltr'><strong>vocabat</strong></span> 
     </span>
     <span class='ocr_line' id='line_1_3' title="bbox 332 451 1766 523; baseline -0.004 -15"><span class='ocrx_word' id='word_1_9' title='bbox 332 453 608 509; x_wconf 78' lang='lat' dir='ltr'><strong>Anchisae</strong></span> <span class='ocrx_word' id='word_1_10' title='bbox 634 454 820 523; x_wconf 78' lang='lat' dir='ltr'><strong>magni</strong></span> <span class='ocrx_word' id='word_1_11' title='bbox 845 453 1131 522; x_wconf 78' lang='lat' dir='ltr'><strong>Manisque</strong></span> <span class='ocrx_word' id='word_1_12' title='bbox 1149 451 1473 504; x_wconf 75' lang='lat' dir='ltr'><strong>Acheronte</strong></span> <span class='ocrx_word' id='word_1_13' title='bbox 1497 451 1766 503; x_wconf 83' lang='lat' dir='ltr'><strong>remissos.</strong></span> 
     </span>
     <span class='ocr_line' id='line_1_4' title="bbox 331 534 1699 608; baseline -0.005 -12"><span class='ocrx_word' id='word_1_14' title='bbox 331 540 450 596; x_wconf 82' lang='lat' dir='ltr'><strong>Nec</strong></span> <span class='ocrx_word' id='word_1_15' title='bbox 475 558 586 595; x_wconf 90' lang='lat' dir='ltr'><strong>non</strong></span> <span class='ocrx_word' id='word_1_16' title='bbox 613 547 670 594; x_wconf 92' lang='lat' dir='ltr'><strong>et</strong></span> <span class='ocrx_word' id='word_1_17' title='bbox 697 541 846 608; x_wconf 86' lang='lat' dir='ltr'><strong>socii,</strong></span> <span class='ocrx_word' id='word_1_18' title='bbox 876 556 1018 608; x_wconf 89' lang='lat' dir='ltr'><strong>quae</strong></span> <span class='ocrx_word' id='word_1_19' title='bbox 1041 540 1240 607; x_wconf 86' lang='lat' dir='ltr'><strong>cuique</strong></span> <span class='ocrx_word' id='word_1_20' title='bbox 1263 542 1348 591; x_wconf 87' lang='lat' dir='ltr'><strong>est</strong></span> <span class='ocrx_word' id='word_1_21' title='bbox 1368 537 1541 605; x_wconf 88' lang='lat' dir='ltr'><strong>copia,</strong></span> <span class='ocrx_word' id='word_1_22' title='bbox 1568 534 1699 590; x_wconf 89' lang='lat' dir='ltr'><strong>laeti</strong></span> 
     </span>
     <span class='ocr_line' id='line_1_5' title="bbox 329 624 1859 694; baseline -0.005 -12"><span class='ocrx_word' id='word_1_23' title='bbox 329 628 492 683; x_wconf 88' lang='lat' dir='ltr'><strong>Dona</strong></span> <span class='ocrx_word' id='word_1_24' title='bbox 519 629 722 694; x_wconf 86' lang='lat' dir='ltr'><strong>ferunt,</strong></span> <span class='ocrx_word' id='word_1_25' title='bbox 753 633 990 680; x_wconf 86' lang='lat' dir='ltr'><strong>onerant</strong></span> <span class='ocrx_word' id='word_1_26' title='bbox 1015 642 1154 693; x_wconf 83' lang='lat' dir='ltr'><strong>aras,</strong></span> <span class='ocrx_word' id='word_1_27' title='bbox 1183 629 1541 692; x_wconf 75' lang='lat' dir='ltr'><strong>mactantque</strong></span> <span class='ocrx_word' id='word_1_28' title='bbox 1564 624 1859 689; x_wconf 76' lang='lat' dir='ltr'><strong>iuvencos3</strong></span> 
     </span>
     <span class='ocr_line' id='line_1_6' title="bbox 331 710 1675 781; baseline -0.004 -13"><span class='ocrx_word' id='word_1_29' title='bbox 331 715 540 769; x_wconf 84' lang='lat' dir='ltr'>Ordine</span> <span class='ocrx_word' id='word_1_30' title='bbox 566 721 706 770; x_wconf 72' lang='lat' dir='ltr'><strong>aena</strong></span> <span class='ocrx_word' id='word_1_31' title='bbox 729 714 918 769; x_wconf 87' lang='lat' dir='ltr'><strong>locant</strong></span> <span class='ocrx_word' id='word_1_32' title='bbox 943 713 1050 780; x_wconf 84' lang='lat' dir='ltr'><strong>alii,</strong></span> <span class='ocrx_word' id='word_1_33' title='bbox 1081 713 1296 781; x_wconf 85' lang='lat' dir='ltr'><strong>fusique</strong></span> <span class='ocrx_word' id='word_1_34' title='bbox 1321 727 1423 780; x_wconf 88' lang='lat' dir='ltr'><strong>per</strong></span> <span class='ocrx_word' id='word_1_35' title='bbox 1444 710 1675 764; x_wconf 87' lang='lat' dir='ltr'><strong>herbam</strong></span> 
     </span>
     <span class='ocr_line' id='line_1_7' title="bbox 331 799 1671 869; baseline -0.003 -15"><span class='ocrx_word' id='word_1_36' title='bbox 331 802 618 856; x_wconf 87' lang='lat' dir='ltr'><strong>Subiciunt</strong></span> <span class='ocrx_word' id='word_1_37' title='bbox 643 801 866 855; x_wconf 80' lang='lat' dir='ltr'><strong>veribus</strong></span> <span class='ocrx_word' id='word_1_38' title='bbox 891 815 1098 869; x_wconf 86' lang='lat' dir='ltr'><strong>prunas</strong></span> <span class='ocrx_word' id='word_1_39' title='bbox 1124 806 1192 854; x_wconf 86' lang='lat' dir='ltr'><strong>et·</strong></span> <span class='ocrx_word' id='word_1_40' title='bbox 1209 799 1419 852; x_wconf 86' lang='lat' dir='ltr'><strong>viscera</strong></span> <span class='ocrx_word' id='word_1_41' title='bbox 1440 802 1671 850; x_wconf 83' lang='lat' dir='ltr'><strong>torrent.</strong></span> 
     </span>
     <span class='ocr_line' id='line_1_8' title="bbox 398 887 1641 956; baseline -0.002 -16"><span class='ocrx_word' id='word_1_42' title='bbox 398 887 734 956; x_wconf 78' lang='lat' dir='ltr'><strong>Exspectata</strong></span> <span class='ocrx_word' id='word_1_43' title='bbox 757 887 873 941; x_wconf 88' lang='lat' dir='ltr'><strong>dies</strong></span> <span class='ocrx_word' id='word_1_44' title='bbox 895 887 1088 941; x_wconf 86' lang='lat' dir='ltr'><strong>aderat</strong></span> <span class='ocrx_word' id='word_1_45' title='bbox 1111 901 1423 954; x_wconf 89' lang='lat' dir='ltr'><strong>nonamque</strong></span> <span class='ocrx_word' id='word_1_46' title='bbox 1446 899 1641 938; x_wconf 85' lang='lat' dir='ltr'><strong>serena</strong></span> 
     </span>
     <span class='ocr_line' id='line_1_9' title="bbox 330 971 1747 1042; baseline -0.003 -15"><span class='ocrx_word' id='word_1_47' title='bbox 330 975 606 1030; x_wconf 85' lang='lat' dir='ltr'><strong>Auroram</strong></span> <span class='ocrx_word' id='word_1_48' title='bbox 633 973 998 1028; x_wconf 85' lang='lat' dir='ltr'><strong>Phaethontis</strong></span> <span class='ocrx_word' id='word_1_49' title='bbox 1023 973 1150 1042; x_wconf 87' lang='lat' dir='ltr'><strong>equi</strong></span> <span class='ocrx_word' id='word_1_50' title='bbox 1174 973 1284 1027; x_wconf 88' lang='lat' dir='ltr'><strong>iam</strong></span> <span class='ocrx_word' id='word_1_51' title='bbox 1309 972 1432 1025; x_wconf 91' lang='lat' dir='ltr'><strong>luce</strong></span> <span class='ocrx_word' id='word_1_52' title='bbox 1455 971 1747 1036; x_wconf 86' lang='lat' dir='ltr'><strong>vehebant,</strong></span> 
     </span>
     <span class='ocr_line' id='line_1_10' title="bbox 329 1059 1625 1132; baseline -0.004 -16"><span class='ocrx_word' id='word_1_53' title='bbox 329 1061 606 1132; x_wconf 76' lang='lat' dir='ltr'><strong>Famaque</strong></span> <span class='ocrx_word' id='word_1_54' title='bbox 629 1061 897 1116; x_wconf 84' lang='lat' dir='ltr'><strong>finitimos</strong></span> <span class='ocrx_word' id='word_1_55' title='bbox 922 1067 979 1115; x_wconf 91' lang='lat' dir='ltr'><strong>et</strong></span> <span class='ocrx_word' id='word_1_56' title='bbox 1002 1061 1132 1115; x_wconf 89' lang='lat' dir='ltr'><strong>clari</strong></span> <span class='ocrx_word' id='word_1_57' title='bbox 1159 1075 1361 1114; x_wconf 88' lang='lat' dir='ltr'><strong>nomen</strong></span> <span class='ocrx_word' id='word_1_58' title='bbox 1390 1059 1625 1112; x_wconf 77' lang='lat' dir='ltr'><strong>Acestae</strong></span> 
     </span>
     <span class='ocr_line' id='line_1_11' title="bbox 329 1146 1563 1218; baseline -0.003 -16"><span class='ocrx_word' id='word_1_59' title='bbox 329 1149 621 1216; x_wconf 83' lang='lat' dir='ltr'><strong>Excierat3</strong></span> <span class='ocrx_word' id='word_1_60' title='bbox 661 1149 808 1203; x_wconf 88' lang='lat' dir='ltr'><strong>laeto</strong></span> <span class='ocrx_word' id='word_1_61' title='bbox 831 1148 1174 1218; x_wconf 73' lang='lat' dir='ltr'><strong>complerant</strong></span> <span class='ocrx_word' id='word_1_62' title='bbox 1195 1146 1362 1200; x_wconf 86' lang='lat' dir='ltr'><strong>litora</strong></span> <span class='ocrx_word' id='word_1_63' title='bbox 1385 1150 1563 1213; x_wconf 78' lang='lat' dir='ltr'><strong>coetu,</strong></span> 
     </span>
     <span class='ocr_line' id='line_1_12' title="bbox 331 1232 1545 1305; baseline -0.005 -15"><span class='ocrx_word' id='word_1_64' title='bbox 331 1237 522 1290; x_wconf 82' lang='lat' dir='ltr'><strong>Visuri</strong></span> <span class='ocrx_word' id='word_1_65' title='bbox 546 1235 852 1304; x_wconf 76' lang='lat' dir='ltr'><strong>Aeneadae,</strong></span> <span class='ocrx_word' id='word_1_66' title='bbox 880 1252 1010 1305; x_wconf 86' lang='lat' dir='ltr'><strong>pars</strong></span> <span class='ocrx_word' id='word_1_67' title='bbox 1034 1239 1092 1289; x_wconf 87' lang='lat' dir='ltr'><strong>et</strong></span> <span class='ocrx_word' id='word_1_68' title='bbox 1115 1239 1326 1288; x_wconf 85' lang='lat' dir='ltr'><strong>certare</strong></span> <span class='ocrx_word' id='word_1_69' title='bbox 1349 1232 1545 1301; x_wconf 83' lang='lat' dir='ltr'><strong>parati.</strong></span> 
     </span>
     <span class='ocr_line' id='line_1_13' title="bbox 329 1318 1779 1393; baseline -0.003 -17"><span class='ocrx_word' id='word_1_70' title='bbox 329 1323 561 1378; x_wconf 83' lang='lat' dir='ltr'><strong>Munera</strong></span> <span class='ocrx_word' id='word_1_71' title='bbox 585 1324 858 1393; x_wconf 89' lang='lat' dir='ltr'><strong>principio</strong></span> <span class='ocrx_word' id='word_1_72' title='bbox 881 1327 1010 1376; x_wconf 87' lang='lat' dir='ltr'><strong>ante</strong></span> <span class='ocrx_word' id='word_1_73' title='bbox 1035 1321 1224 1376; x_wconf 87' lang='lat' dir='ltr'><strong>oculos</strong></span> <span class='ocrx_word' id='word_1_74' title='bbox 1247 1319 1502 1388; x_wconf 83' lang='lat' dir='ltr'><strong>circoque</strong></span> <span class='ocrx_word' id='word_1_75' title='bbox 1524 1318 1779 1374; x_wconf 88' lang='lat' dir='ltr'><strong>locantur</strong></span> 
     </span>
     <span class='ocr_line' id='line_1_14' title="bbox 331 1407 1659 1479; baseline -0.003 -17"><span class='ocrx_word' id='word_1_76' title='bbox 331 1410 396 1464; x_wconf 90' lang='lat' dir='ltr'><strong>In</strong></span> <span class='ocrx_word' id='word_1_77' title='bbox 410 1409 622 1465; x_wconf 86' lang='lat' dir='ltr'><strong>medio:</strong></span> <span class='ocrx_word' id='word_1_78' title='bbox 660 1410 801 1466; x_wconf 83' lang='lat' dir='ltr'><strong>sacri</strong></span> <span class='ocrx_word' id='word_1_79' title='bbox 812 1409 1063 1479; x_wconf 82' lang='lat' dir='ltr'><strong>tripodes</strong></span> <span class='ocrx_word' id='word_1_80' title='bbox 1083 1407 1395 1476; x_wconf 80' lang='lat' dir='ltr'><strong>viridesque</strong></span> <span class='ocrx_word' id='word_1_81' title='bbox 1418 1421 1659 1460; x_wconf 88' lang='lat' dir='ltr'><strong>coronae</strong></span> 
     </span>
     <span class='ocr_line' id='line_1_15' title="bbox 329 1495 1795 1566; baseline -0.004 -16"><span class='ocrx_word' id='word_1_82' title='bbox 329 1495 403 1551; x_wconf 91' lang='lat' dir='ltr'><strong>Et</strong></span> <span class='ocrx_word' id='word_1_83' title='bbox 426 1496 654 1566; x_wconf 85' lang='lat' dir='ltr'><strong>palmae,</strong></span> <span class='ocrx_word' id='word_1_84' title='bbox 663 1496 904 1566; x_wconf 87' lang='lat' dir='ltr'><strong>pretium</strong></span> <span class='ocrx_word' id='word_1_85' title='bbox 929 1496 1244 1563; x_wconf 83' lang='lat' dir='ltr'><strong>victoribus,</strong></span> <span class='ocrx_word' id='word_1_86' title='bbox 1275 1509 1537 1562; x_wconf 85' lang='lat' dir='ltr'><strong>armaque</strong></span> <span class='ocrx_word' id='word_1_87' title='bbox 1560 1498 1619 1547; x_wconf 87' lang='lat' dir='ltr'><strong>et</strong></span> <span class='ocrx_word' id='word_1_88' title='bbox 1642 1495 1795 1546; x_wconf 84' lang='lat' dir='ltr'><strong>ostro</strong></span> 
     </span>
     <span class='ocr_line' id='line_1_16' title="bbox 329 1581 1636 1654; baseline -0.003 -17"><span class='ocrx_word' id='word_1_89' title='bbox 329 1583 594 1638; x_wconf 83' lang='lat' dir='ltr'><strong>Perfusae</strong></span> <span class='ocrx_word' id='word_1_90' title='bbox 617 1591 814 1654; x_wconf 80' lang='lat' dir='ltr'><strong>vestes,</strong></span> <span class='ocrx_word' id='word_1_91' title='bbox 843 1585 1057 1653; x_wconf 82' lang='lat' dir='ltr'><strong>argenti</strong></span> <span class='ocrx_word' id='word_1_92' title='bbox 1083 1585 1308 1652; x_wconf 83' lang='lat' dir='ltr'><strong>aurique</strong></span> <span class='ocrx_word' id='word_1_93' title='bbox 1331 1581 1636 1647; x_wconf 78' lang='lat' dir='ltr'><strong>talentum3</strong></span> 
     </span>
     <span class='ocr_line' id='line_1_17' title="bbox 329 1666 1702 1737; baseline -0.002 -14"><span class='ocrx_word' id='word_1_94' title='bbox 329 1671 404 1724; x_wconf 91' lang='lat' dir='ltr'><strong>Et</strong></span> <span class='ocrx_word' id='word_1_95' title='bbox 427 1672 562 1726; x_wconf 90' lang='lat' dir='ltr'><strong>tuba</strong></span> <span class='ocrx_word' id='word_1_96' title='bbox 585 1672 902 1726; x_wconf 83' lang='lat' dir='ltr'><strong>commissos</strong></span> <span class='ocrx_word' id='word_1_97' title='bbox 925 1671 1108 1725; x_wconf 90' lang='lat' dir='ltr'><strong>medio</strong></span> <span class='ocrx_word' id='word_1_98' title='bbox 1131 1670 1279 1724; x_wconf 85' lang='lat' dir='ltr'><strong>canit</strong></span> <span class='ocrx_word' id='word_1_99' title='bbox 1304 1685 1503 1737; x_wconf 81' lang='lat' dir='ltr'><strong>aggere</strong></span> <span class='ocrx_word' id='word_1_100' title='bbox 1527 1666 1702 1720; x_wconf 87' lang='lat' dir='ltr'><strong>ludos.</strong></span> 
     </span>
     <span class='ocr_line' id='line_1_18' title="bbox 330 1755 1715 1828; baseline -0.002 -17"><span class='ocrx_word' id='word_1_101' title='bbox 330 1756 520 1812; x_wconf 87' lang='lat' dir='ltr'><strong>Prima</strong></span> <span class='ocrx_word' id='word_1_102' title='bbox 541 1773 701 1826; x_wconf 86' lang='lat' dir='ltr'><strong>pares</strong></span> <span class='ocrx_word' id='word_1_103' title='bbox 723 1760 919 1813; x_wconf 87' lang='lat' dir='ltr'><strong>ineunt</strong></span> <span class='ocrx_word' id='word_1_104' title='bbox 941 1757 1198 1828; x_wconf 85' lang='lat' dir='ltr'><strong>gravibus</strong></span> <span class='ocrx_word' id='word_1_105' title='bbox 1222 1757 1528 1811; x_wconf 84' lang='lat' dir='ltr'><strong>certamina</strong></span> <span class='ocrx_word' id='word_1_106' title='bbox 1549 1755 1715 1809; x_wconf 87' lang='lat' dir='ltr'><strong>remis</strong></span> 
     </span>
     <span class='ocr_line' id='line_1_19' title="bbox 331 1844 1601 1909; baseline 0.001 -12"><span class='ocrx_word' id='word_1_107' title='bbox 331 1844 606 1909; x_wconf 81' lang='lat' dir='ltr'><strong>Quattuor</strong></span> <span class='ocrx_word' id='word_1_108' title='bbox 631 1861 700 1898; x_wconf 84' lang='lat' dir='ltr'><strong>ex</strong></span> <span class='ocrx_word' id='word_1_109' title='bbox 727 1846 878 1898; x_wconf 86' lang='lat' dir='ltr'><strong>omni</strong></span> <span class='ocrx_word' id='word_1_110' title='bbox 902 1844 1148 1899; x_wconf 89' lang='lat' dir='ltr'><strong>delectae</strong></span> <span class='ocrx_word' id='word_1_111' title='bbox 1171 1845 1344 1900; x_wconf 85' lang='lat' dir='ltr'><strong>classe</strong></span> <span class='ocrx_word' id='word_1_112' title='bbox 1368 1845 1601 1899; x_wconf 88' lang='lat' dir='ltr'><strong>carinae.</strong></span> 
     </span>
     <span class='ocr_line' id='line_1_20' title="bbox 331 1931 1713 2001; baseline 0.002 -17"><span class='ocrx_word' id='word_1_113' title='bbox 331 1931 596 1986; x_wconf 80' lang='lat' dir='ltr'><strong>Velocem</strong></span> <span class='ocrx_word' id='word_1_114' title='bbox 621 1932 942 1986; x_wconf 81' lang='lat' dir='ltr'><strong>Mnestheus</strong></span> <span class='ocrx_word' id='word_1_115' title='bbox 965 1932 1079 2000; x_wconf 82' lang='lat' dir='ltr'><strong>agit</strong></span> <span class='ocrx_word' id='word_1_116' title='bbox 1103 1931 1214 1986; x_wconf 84' lang='lat' dir='ltr'><strong>aeri</strong></span> <span class='ocrx_word' id='word_1_117' title='bbox 1238 1933 1446 2001; x_wconf 77' lang='lat' dir='ltr'><strong>remige</strong></span> <span class='ocrx_word' id='word_1_118' title='bbox 1472 1931 1713 2001; x_wconf 83' lang='lat' dir='ltr'><strong>Pristim,</strong></span> 
     </span>
    </p>
   </div>
   <div class='ocr_carea' id='block_1_3' title="bbox 327 2017 1939 2089">
    <p class='ocr_par' dir='ltr' id='par_1_3' title="bbox 327 2017 1939 2089">
     <span class='ocr_line' id='line_1_21' title="bbox 327 2017 1939 2089; baseline 0.003 -18"><span class='ocrx_word' id='word_1_119' title='bbox 327 2017 462 2071; x_wconf 76' lang='lat' dir='ltr'><strong>Mox</strong></span> <span class='ocrx_word' id='word_1_120' title='bbox 489 2018 660 2072; x_wconf 78' lang='lat' dir='ltr'><strong>Italus</strong></span> <span class='ocrx_word' id='word_1_121' title='bbox 685 2017 1020 2087; x_wconf 82' lang='lat' dir='ltr'><strong>Mnestheus,</strong></span> <span class='ocrx_word' id='word_1_122' title='bbox 1049 2035 1220 2087; x_wconf 81' lang='lat' dir='ltr'><strong>genus</strong></span> <span class='ocrx_word' id='word_1_123' title='bbox 1247 2035 1280 2074; x_wconf 89' lang='lat' dir='ltr'><strong>a</strong></span> <span class='ocrx_word' id='word_1_124' title='bbox 1303 2035 1412 2088; x_wconf 85' lang='lat' dir='ltr'><strong>quo</strong></span> <span class='ocrx_word' id='word_1_125' title='bbox 1438 2020 1661 2074; x_wconf 86' lang='lat' dir='ltr'><strong>nomine</strong></span> <span class='ocrx_word' id='word_1_126' title='bbox 1686 2021 1939 2089; x_wconf 78' lang='lat' dir='ltr'><strong>Memmi3</strong></span> 
     </span>
    </p>
   </div>
   <div class='ocr_carea' id='block_1_4' title="bbox 327 2105 1805 3561">
    <p class='ocr_par' dir='ltr' id='par_1_4' title="bbox 329 2105 1805 2610">
     <span class='ocr_line' id='line_1_22' title="bbox 329 2105 1692 2177; baseline 0.004 -20"><span class='ocrx_word' id='word_1_127' title='bbox 329 2105 724 2174; x_wconf 80' lang='lat' dir='ltr'><strong>lugentemque</strong></span> <span class='ocrx_word' id='word_1_128' title='bbox 753 2107 901 2172; x_wconf 83' lang='lat' dir='ltr'><strong>Gyas</strong></span> <span class='ocrx_word' id='word_1_129' title='bbox 921 2106 1130 2174; x_wconf 87' lang='lat' dir='ltr'><strong>ingenti</strong></span> <span class='ocrx_word' id='word_1_130' title='bbox 1155 2107 1302 2161; x_wconf 88' lang='lat' dir='ltr'><strong>mole</strong></span> <span class='ocrx_word' id='word_1_131' title='bbox 1325 2105 1692 2177; x_wconf 77' lang='lat' dir='ltr'><strong>Chimaeram,</strong></span> 
     </span>
     <span class='ocr_line' id='line_1_23' title="bbox 331 2191 1763 2262; baseline 0.006 -20"><span class='ocrx_word' id='word_1_132' title='bbox 331 2191 496 2244; x_wconf 88' lang='lat' dir='ltr'><strong>Urbis</strong></span> <span class='ocrx_word' id='word_1_133' title='bbox 520 2207 672 2259; x_wconf 86' lang='lat' dir='ltr'><strong>opus,</strong></span> <span class='ocrx_word' id='word_1_134' title='bbox 703 2191 908 2260; x_wconf 88' lang='lat' dir='ltr'><strong>triplici</strong></span> <span class='ocrx_word' id='word_1_135' title='bbox 933 2193 1105 2260; x_wconf 83' lang='lat' dir='ltr'><strong>pubes</strong></span> <span class='ocrx_word' id='word_1_136' title='bbox 1127 2209 1288 2262; x_wconf 84' lang='lat' dir='ltr'><strong>quam</strong></span> <span class='ocrx_word' id='word_1_137' title='bbox 1317 2193 1576 2250; x_wconf 84' lang='lat' dir='ltr'><strong>Dardana</strong></span> <span class='ocrx_word' id='word_1_138' title='bbox 1602 2213 1763 2250; x_wconf 81' lang='lat' dir='ltr'><strong>versu</strong></span> 
     </span>
     <span class='ocr_line' id='line_1_24' title="bbox 330 2278 1613 2350; baseline 0.004 -18"><span class='ocrx_word' id='word_1_139' title='bbox 330 2278 644 2347; x_wconf 89' lang='lat' dir='ltr'><strong>Impellunt,</strong></span> <span class='ocrx_word' id='word_1_140' title='bbox 673 2283 834 2333; x_wconf 89' lang='lat' dir='ltr'><strong>terno</strong></span> <span class='ocrx_word' id='word_1_141' title='bbox 859 2286 1202 2346; x_wconf 79' lang='lat' dir='ltr'><strong>consurgunt</strong></span> <span class='ocrx_word' id='word_1_142' title='bbox 1227 2282 1422 2336; x_wconf 83' lang='lat' dir='ltr'><strong>ordine</strong></span> <span class='ocrx_word' id='word_1_143' title='bbox 1446 2285 1613 2350; x_wconf 88' lang='lat' dir='ltr'><strong>remi;</strong></span> 
     </span>
     <span class='ocr_line' id='line_1_25' title="bbox 329 2365 1794 2438; baseline 0.005 -20"><span class='ocrx_word' id='word_1_144' title='bbox 329 2365 742 2434; x_wconf 84' lang='lat' dir='ltr'><strong>Sergestusque‚</strong></span> <span class='ocrx_word' id='word_1_145' title='bbox 769 2365 966 2420; x_wconf 84' lang='lat' dir='ltr'><strong>domus</strong></span> <span class='ocrx_word' id='word_1_146' title='bbox 991 2371 1144 2420; x_wconf 88' lang='lat' dir='ltr'><strong>tenet</strong></span> <span class='ocrx_word' id='word_1_147' title='bbox 1169 2385 1199 2420; x_wconf 87' lang='lat' dir='ltr'><strong>a</strong></span> <span class='ocrx_word' id='word_1_148' title='bbox 1223 2385 1334 2436; x_wconf 89' lang='lat' dir='ltr'><strong>quo</strong></span> <span class='ocrx_word' id='word_1_149' title='bbox 1359 2369 1553 2438; x_wconf 78' lang='lat' dir='ltr'><strong>Sergia</strong></span> <span class='ocrx_word' id='word_1_150' title='bbox 1577 2387 1794 2437; x_wconf 86' lang='lat' dir='ltr'><strong>nomen,</strong></span> 
     </span>
     <span class='ocr_line' id='line_1_26' title="bbox 331 2451 1805 2524; baseline 0.004 -19"><span class='ocrx_word' id='word_1_151' title='bbox 331 2451 610 2507; x_wconf 88' lang='lat' dir='ltr'><strong>Centauro</strong></span> <span class='ocrx_word' id='word_1_152' title='bbox 634 2452 916 2506; x_wconf 83' lang='lat' dir='ltr'><strong>invehitur</strong></span> <span class='ocrx_word' id='word_1_153' title='bbox 939 2469 1153 2520; x_wconf 84' lang='lat' dir='ltr'><strong>magna,</strong></span> <span class='ocrx_word' id='word_1_154' title='bbox 1183 2453 1473 2524; x_wconf 79' lang='lat' dir='ltr'><strong>Scyllaque</strong></span> <span class='ocrx_word' id='word_1_155' title='bbox 1500 2457 1805 2510; x_wconf 80' lang='lat' dir='ltr'><strong>Cloanthus</strong></span> 
     </span>
     <span class='ocr_line' id='line_1_27' title="bbox 329 2539 1666 2610; baseline 0.002 -16"><span class='ocrx_word' id='word_1_156' title='bbox 329 2540 610 2609; x_wconf 82' lang='lat' dir='ltr'><strong>Caerulea,</strong></span> <span class='ocrx_word' id='word_1_157' title='bbox 640 2557 812 2610; x_wconf 87' lang='lat' dir='ltr'><strong>genus</strong></span> <span class='ocrx_word' id='word_1_158' title='bbox 837 2540 984 2593; x_wconf 89' lang='lat' dir='ltr'><strong>unde</strong></span> <span class='ocrx_word' id='word_1_159' title='bbox 1007 2541 1124 2605; x_wconf 81' lang='lat' dir='ltr'><strong>tibi,</strong></span> <span class='ocrx_word' id='word_1_160' title='bbox 1155 2539 1405 2594; x_wconf 86' lang='lat' dir='ltr'><strong>Romane</strong></span> <span class='ocrx_word' id='word_1_161' title='bbox 1428 2542 1666 2599; x_wconf 83' lang='lat' dir='ltr'><strong>Cluenti.</strong></span> 
     </span>
    </p>

    <p class='ocr_par' dir='ltr' id='par_1_5' title="bbox 327 2627 1787 3042">
     <span class='ocr_line' id='line_1_28' title="bbox 397 2627 1787 2698; baseline 0.005 -19"><span class='ocrx_word' id='word_1_162' title='bbox 397 2627 499 2681; x_wconf 88' lang='lat' dir='ltr'><strong>Est</strong></span> <span class='ocrx_word' id='word_1_163' title='bbox 523 2627 716 2696; x_wconf 87' lang='lat' dir='ltr'><strong>procul</strong></span> <span class='ocrx_word' id='word_1_164' title='bbox 740 2628 798 2680; x_wconf 91' lang='lat' dir='ltr'><strong>in</strong></span> <span class='ocrx_word' id='word_1_165' title='bbox 823 2627 1016 2695; x_wconf 83' lang='lat' dir='ltr'><strong>pelago</strong></span> <span class='ocrx_word' id='word_1_166' title='bbox 1041 2643 1233 2681; x_wconf 84' lang='lat' dir='ltr'><strong>saxum</strong></span> <span class='ocrx_word' id='word_1_167' title='bbox 1256 2631 1567 2698; x_wconf 81' lang='lat' dir='ltr'><strong>spumantia</strong></span> <span class='ocrx_word' id='word_1_168' title='bbox 1594 2637 1787 2686; x_wconf 85' lang='lat' dir='ltr'><strong>contra</strong></span> 
     </span>
     <span class='ocr_line' id='line_1_29' title="bbox 328 2712 1763 2783; baseline 0.003 -17"><span class='ocrx_word' id='word_1_169' title='bbox 328 2713 530 2780; x_wconf 83' lang='lat' dir='ltr'><strong>Litora,</strong></span> <span class='ocrx_word' id='word_1_170' title='bbox 559 2714 704 2783; x_wconf 90' lang='lat' dir='ltr'><strong>quod</strong></span> <span class='ocrx_word' id='word_1_171' title='bbox 731 2712 956 2767; x_wconf 87' lang='lat' dir='ltr'><strong>tumidis</strong></span> <span class='ocrx_word' id='word_1_172' title='bbox 979 2714 1323 2769; x_wconf 83' lang='lat' dir='ltr'><strong>submersum</strong></span> <span class='ocrx_word' id='word_1_173' title='bbox 1353 2717 1607 2770; x_wconf 87' lang='lat' dir='ltr'><strong>tunditur</strong></span> <span class='ocrx_word' id='word_1_174' title='bbox 1630 2719 1763 2772; x_wconf 85' lang='lat' dir='ltr'><strong>olim</strong></span> 
     </span>
     <span class='ocr_line' id='line_1_30' title="bbox 327 2799 1655 2870; baseline 0.004 -18"><span class='ocrx_word' id='word_1_175' title='bbox 327 2799 626 2868; x_wconf 86' lang='lat' dir='ltr'><strong>Fluctibus,</strong></span> <span class='ocrx_word' id='word_1_176' title='bbox 655 2800 871 2854; x_wconf 88' lang='lat' dir='ltr'><strong>hiberni</strong></span> <span class='ocrx_word' id='word_1_177' title='bbox 897 2800 1144 2854; x_wconf 87' lang='lat' dir='ltr'><strong>condunt</strong></span> <span class='ocrx_word' id='word_1_178' title='bbox 1167 2802 1260 2855; x_wconf 90' lang='lat' dir='ltr'><strong>ubi</strong></span> <span class='ocrx_word' id='word_1_179' title='bbox 1287 2801 1467 2856; x_wconf 82' lang='lat' dir='ltr'><strong>sidera</strong></span> <span class='ocrx_word' id='word_1_180' title='bbox 1492 2803 1655 2870; x_wconf 83' lang='lat' dir='ltr'><strong>Cori;</strong></span> 
     </span>
     <span class='ocr_line' id='line_1_31' title="bbox 327 2885 1651 2956; baseline 0.004 -18"><span class='ocrx_word' id='word_1_181' title='bbox 327 2885 644 2954; x_wconf 83' lang='lat' dir='ltr'><strong>Tranquillo</strong></span> <span class='ocrx_word' id='word_1_182' title='bbox 671 2886 809 2952; x_wconf 86' lang='lat' dir='ltr'><strong>silet,</strong></span> <span class='ocrx_word' id='word_1_183' title='bbox 838 2887 1174 2956; x_wconf 88' lang='lat' dir='ltr'><strong>immotaque</strong></span> <span class='ocrx_word' id='word_1_184' title='bbox 1203 2888 1477 2943; x_wconf 83' lang='lat' dir='ltr'><strong>attollitur</strong></span> <span class='ocrx_word' id='word_1_185' title='bbox 1501 2891 1651 2943; x_wconf 77' lang='lat' dir='ltr'><strong>unda</strong></span> 
     </span>
     <span class='ocr_line' id='line_1_32' title="bbox 329 2971 1645 3042; baseline 0.004 -17"><span class='ocrx_word' id='word_1_186' title='bbox 329 2971 566 3038; x_wconf 81' lang='lat' dir='ltr'><strong>Campus</strong></span> <span class='ocrx_word' id='word_1_187' title='bbox 592 2977 648 3025; x_wconf 90' lang='lat' dir='ltr'><strong>et</strong></span> <span class='ocrx_word' id='word_1_188' title='bbox 673 2973 872 3040; x_wconf 85' lang='lat' dir='ltr'><strong>apricis</strong></span> <span class='ocrx_word' id='word_1_189' title='bbox 895 2975 1060 3028; x_wconf 84' lang='lat' dir='ltr'><strong>statio</strong></span> <span class='ocrx_word' id='word_1_190' title='bbox 1085 2975 1395 3042; x_wconf 82' lang='lat' dir='ltr'><strong>gratissima</strong></span> <span class='ocrx_word' id='word_1_191' title='bbox 1418 2978 1645 3042; x_wconf 74' lang='lat' dir='ltr'><strong>mergis:</strong></span> 
     </span>
    </p>

    <p class='ocr_par' dir='ltr' id='par_1_6' title="bbox 327 3057 1799 3561">
     <span class='ocr_line' id='line_1_33' title="bbox 329 3057 1713 3116; baseline 0.004 -5"><span class='ocrx_word' id='word_1_192' title='bbox 329 3058 434 3112; x_wconf 88' lang='lat' dir='ltr'><strong>Hic</strong></span> <span class='ocrx_word' id='word_1_193' title='bbox 459 3057 688 3111; x_wconf 87' lang='lat' dir='ltr'><strong>viridem</strong></span> <span class='ocrx_word' id='word_1_194' title='bbox 720 3059 936 3112; x_wconf 88' lang='lat' dir='ltr'><strong>Aeneas</strong></span> <span class='ocrx_word' id='word_1_195' title='bbox 961 3059 1247 3113; x_wconf 78' lang='lat' dir='ltr'><strong>frondenti</strong></span> <span class='ocrx_word' id='word_1_196' title='bbox 1273 3077 1340 3112; x_wconf 84' lang='lat' dir='ltr'><strong>ex</strong></span> <span class='ocrx_word' id='word_1_197' title='bbox 1361 3061 1485 3114; x_wconf 89' lang='lat' dir='ltr'><strong>ilice</strong></span> <span class='ocrx_word' id='word_1_198' title='bbox 1510 3067 1713 3116; x_wconf 87' lang='lat' dir='ltr'><strong>metam</strong></span> 
     </span>
     <span class='ocr_line' id='line_1_34' title="bbox 329 3145 1681 3214; baseline 0.004 -17"><span class='ocrx_word' id='word_1_199' title='bbox 329 3145 632 3198; x_wconf 85' lang='lat' dir='ltr'><strong>Constituit</strong></span> <span class='ocrx_word' id='word_1_200' title='bbox 655 3145 872 3213; x_wconf 80' lang='lat' dir='ltr'><strong>signum</strong></span> <span class='ocrx_word' id='word_1_201' title='bbox 896 3147 1080 3199; x_wconf 84' lang='lat' dir='ltr'><strong>nautis</strong></span> <span class='ocrx_word' id='word_1_202' title='bbox 1103 3153 1275 3214; x_wconf 82' lang='lat' dir='ltr'><strong>pater,</strong></span> <span class='ocrx_word' id='word_1_203' title='bbox 1305 3147 1451 3200; x_wconf 89' lang='lat' dir='ltr'><strong>unde</strong></span> <span class='ocrx_word' id='word_1_204' title='bbox 1476 3149 1681 3202; x_wconf 82' lang='lat' dir='ltr'><strong>reverti</strong></span> 
     </span>
     <span class='ocr_line' id='line_1_35' title="bbox 327 3231 1643 3300; baseline 0.002 -15"><span class='ocrx_word' id='word_1_205' title='bbox 327 3231 542 3286; x_wconf 87' lang='lat' dir='ltr'><strong>Scirent</strong></span> <span class='ocrx_word' id='word_1_206' title='bbox 566 3238 623 3286; x_wconf 91' lang='lat' dir='ltr'><strong>et</strong></span> <span class='ocrx_word' id='word_1_207' title='bbox 645 3232 842 3300; x_wconf 86' lang='lat' dir='ltr'><strong>longos</strong></span> <span class='ocrx_word' id='word_1_208' title='bbox 867 3232 959 3285; x_wconf 92' lang='lat' dir='ltr'><strong>ubi</strong></span> <span class='ocrx_word' id='word_1_209' title='bbox 985 3233 1413 3287; x_wconf 85' lang='lat' dir='ltr'><strong>circumflectere</strong></span> <span class='ocrx_word' id='word_1_210' title='bbox 1440 3251 1643 3288; x_wconf 84' lang='lat' dir='ltr'><strong>cursus.</strong></span> 
     </span>
     <span class='ocr_line' id='line_1_36' title="bbox 329 3317 1799 3389; baseline 0.002 -18"><span class='ocrx_word' id='word_1_211' title='bbox 329 3317 466 3372; x_wconf 91' lang='lat' dir='ltr'><strong>Tum</strong></span> <span class='ocrx_word' id='word_1_212' title='bbox 491 3319 612 3373; x_wconf 86' lang='lat' dir='ltr'><strong>loca</strong></span> <span class='ocrx_word' id='word_1_213' title='bbox 636 3325 786 3373; x_wconf 86' lang='lat' dir='ltr'><strong>sorte</strong></span> <span class='ocrx_word' id='word_1_214' title='bbox 811 3318 1016 3388; x_wconf 84' lang='lat' dir='ltr'><strong>legunt,</strong></span> <span class='ocrx_word' id='word_1_215' title='bbox 1043 3319 1256 3388; x_wconf 84' lang='lat' dir='ltr'><strong>ipsique</strong></span> <span class='ocrx_word' id='word_1_216' title='bbox 1281 3322 1338 3374; x_wconf 86' lang='lat' dir='ltr'><strong>in</strong></span> <span class='ocrx_word' id='word_1_217' title='bbox 1363 3321 1639 3389; x_wconf 85' lang='lat' dir='ltr'><strong>puppibus</strong></span> <span class='ocrx_word' id='word_1_218' title='bbox 1664 3337 1799 3375; x_wconf 89' lang='lat' dir='ltr'><strong>auro</strong></span> 
     </span>
     <span class='ocr_line' id='line_1_37' title="bbox 327 3405 1611 3476; baseline 0.001 -17"><span class='ocrx_word' id='word_1_219' title='bbox 327 3405 602 3460; x_wconf 86' lang='lat' dir='ltr'><strong>Ductores</strong></span> <span class='ocrx_word' id='word_1_220' title='bbox 625 3406 790 3474; x_wconf 85' lang='lat' dir='ltr'><strong>longe</strong></span> <span class='ocrx_word' id='word_1_221' title='bbox 814 3406 1086 3474; x_wconf 81' lang='lat' dir='ltr'><strong>effulgent</strong></span> <span class='ocrx_word' id='word_1_222' title='bbox 1109 3413 1366 3476; x_wconf 85' lang='lat' dir='ltr'><strong>ostroque</strong></span> <span class='ocrx_word' id='word_1_223' title='bbox 1392 3407 1578 3462; x_wconf 86' lang='lat' dir='ltr'><strong>decori</strong></span> <span class='ocrx_word' id='word_1_224' title='bbox 1598 3427 1611 3475; x_wconf 74' lang='grc' dir='ltr'><strong>ς</strong></span> 
     </span>
     <span class='ocr_line' id='line_1_38' title="bbox 330 3489 1529 3561; baseline 0.002 -17"><span class='ocrx_word' id='word_1_225' title='bbox 330 3489 528 3545; x_wconf 87' lang='lat' dir='ltr'><strong>Cetera</strong></span> <span class='ocrx_word' id='word_1_226' title='bbox 551 3491 788 3561; x_wconf 85' lang='lat' dir='ltr'><strong>populea</strong></span> <span class='ocrx_word' id='word_1_227' title='bbox 813 3493 1028 3548; x_wconf 87' lang='lat' dir='ltr'><strong>velatur</strong></span> <span class='ocrx_word' id='word_1_228' title='bbox 1051 3493 1248 3548; x_wconf 85' lang='lat' dir='ltr'><strong>fronde</strong></span> <span class='ocrx_word' id='word_1_229' title='bbox 1273 3495 1529 3548; x_wconf 78' lang='lat' dir='ltr'><strong>iuventus</strong></span> 
     </span>
    </p>
   </div>
   <div class='ocr_carea' id='block_1_5' title="bbox 2266 537 2369 591">
    <p class='ocr_par' dir='ltr' id='par_1_7' title="bbox 2266 537 2369 591">
     <span class='ocr_line' id='line_1_39' title="bbox 2266 537 2369 591; baseline -0.019 0"><span class='ocrx_word' id='word_1_230' title='bbox 2266 537 2369 591; x_wconf 90' lang='grc'><strong>100</strong></span> 
     </span>
    </p>
   </div>
   <div class='ocr_carea' id='block_1_6' title="bbox 2266 972 2363 1024">
    <p class='ocr_par' dir='ltr' id='par_1_8' title="bbox 2266 972 2363 1024">
     <span class='ocr_line' id='line_1_40' title="bbox 2266 972 2363 1024; baseline 0 -1"><span class='ocrx_word' id='word_1_231' title='bbox 2266 972 2363 1024; x_wconf 74' lang='lat'><strong>105</strong></span> 
     </span>
    </p>
   </div>
   <div class='ocr_carea' id='block_1_7' title="bbox 2264 1405 2365 1457">
    <p class='ocr_par' dir='ltr' id='par_1_9' title="bbox 2264 1405 2365 1457">
     <span class='ocr_line' id='line_1_41' title="bbox 2264 1405 2365 1457; baseline 0 0"><span class='ocrx_word' id='word_1_232' title='bbox 2264 1405 2365 1457; x_wconf 87' lang='grc'><strong>110</strong></span> 
     </span>
    </p>
   </div>
   <div class='ocr_carea' id='block_1_8' title="bbox 2263 1845 2363 1896">
    <p class='ocr_par' dir='ltr' id='par_1_10' title="bbox 2263 1845 2363 1896">
     <span class='ocr_line' id='line_1_42' title="bbox 2263 1845 2363 1896; baseline 0 0"><span class='ocrx_word' id='word_1_233' title='bbox 2263 1845 2363 1896; x_wconf 84' lang='grc'><strong>115</strong></span> 
     </span>
    </p>
   </div>
   <div class='ocr_carea' id='block_1_9' title="bbox 2260 2285 2363 2337">
    <p class='ocr_par' dir='ltr' id='par_1_11' title="bbox 2260 2285 2363 2337">
     <span class='ocr_line' id='line_1_43' title="bbox 2260 2285 2363 2337; baseline -0.01 0"><span class='ocrx_word' id='word_1_234' title='bbox 2260 2285 2363 2337; x_wconf 79' lang='lat'><strong>120</strong></span> 
     </span>
    </p>
   </div>
   <div class='ocr_carea' id='block_1_10' title="bbox 2260 2721 2363 2773">
    <p class='ocr_par' dir='ltr' id='par_1_12' title="bbox 2260 2721 2363 2773">
     <span class='ocr_line' id='line_1_44' title="bbox 2260 2721 2363 2773; baseline 0 0"><span class='ocrx_word' id='word_1_235' title='bbox 2260 2721 2363 2773; x_wconf 78' lang='lat'><strong>126</strong></span> 
     </span>
    </p>
   </div>
   <div class='ocr_carea' id='block_1_11' title="bbox 2262 3152 2363 3204">
    <p class='ocr_par' dir='ltr' id='par_1_13' title="bbox 2262 3152 2363 3204">
     <span class='ocr_line' id='line_1_45' title="bbox 2262 3152 2363 3204; baseline 0 -1"><span class='ocrx_word' id='word_1_236' title='bbox 2262 3152 2363 3204; x_wconf 82' lang='lat'><strong>130</strong></span> 
     </span>
    </p>
   </div>
  </div>
 </body>
</html>
