2725 3892
1001 188 1276 241 melu
1317 188 1649 241 mames
1692 190 1809 241 m

388 351 610 420 Iasides,
633 350 747 406 acri
773 349 1050 420 quondam
1073 350 1162 404 'cui
1187 355 1381 419 captus
1406 366 1595 405 amore

386 438 514 508 Ipse
537 454 666 493 suas
691 438 841 505 artis,
863 453 962 491 sua
985 452 1230 505 munera,
1253 436 1431 491 laetus
1454 436 1659 506 Apollo

387 525 700 595 Augurium
723 524 1098 593 citharamque
1122 523 1290 585 dabat
1311 523 1613 601 celerisque
1634 524 1883 593 sagittas.

386 612 503 679 Ille,
527 618 590 667 ut
614 610 848 681 depositi
872 610 1146 679 proferret
1169 611 1284 664 fata
1306 611 1569 680 parentia,
1642 614 1647 619 ’
2320 614 2425 669 395

388 699 541 754 Scire
566 702 868 771 potestates
891 698 1188 751 herbarum
1209 712 1481 767 usumque
1504 698 1761 753 medendi

387 786 582 841 Maluit
607 792 664 841 et
687 792 870 859 mutas
896 782 1106 853 agitare
1131 784 1399 853 inglorius
1422 785 1575 839 artie.

387 872 582 929 Stabat
607 873 806 927 acerba
829 857 1088 940 fremens,
1109 872 1395 940 ingentem
1418 872 1583 924 nixus
1607 872 1663 925 in
1689 872 1905 927 hastam

387 961 624 1027 Aeneas,
645 975 846 1027 magno
869 959 1132 1013 iuvenum
1157 964 1216 1011 et
1235 958 1535 1013 maerentis
1556 958 1663 1012 Iuli

390 1046 688 1115 Concursu,
711 1045 950 1101 lacrimis
973 1044 1288 1099 immobilis.
1364 1044 1469 1099 Ille
1490 1051 1703 1100 retorto
2316 1042 2423 1103 400

387 1132 727 1188 Paeonium
711 1148 770 1187 in
793 1136 1002 1209 morem
1029 1132 1215 1207 senior
1240 1132 1551 1186 succinctus
1574 1133 1794 1198 amictu,

387 1220 566 1275 Multa
589 1236 756 1275 manu
779 1202 994 1287 medica
1015 1201 1336 1287 Phoebique
1359 1220 1681 1287 potentibus
1704 1220 1893 1276 herbis

389 1306 736 1377 Nequiquam
761 1290 1020 1375 trepidat,
1043 1306 1377 1381 nequiquam
1401 1306 1613 1379 spicula
1635 1306 1832 1369 dextra

388 1394 660 1449 Sollicitat
683 1402 1016 1467 prensatque
1041 1394 1224 1448 tenaci
1245 1394 1465 1466 forcipe
1488 1394 1717 1467 ferrum.
2008 1448 2019 1455 ,

387 1481 558 1536 Nulla
579 1466 724 1536 viam
751 1482 998 1537 Fortuna
1020 1482 1178 1549 regit,
1203 1481 1343 1535 nihil
1370 1486 1560 1536 auctor
1584 1482 1791 1551 Apollo
2314 1485 2419 1537 4015

388 1568 688 1637 Subvenit3
729 1576 784 1623 et
809 1585 1006 1623 saevus
1029 1569 1238 1637 campis
1257 1572 1435 1637 magis
1460 1585 1523 1623 ac
1544 1562 1717 1637 magia
1738 1569 1941 1639 horror

389 1658 714 1727 crebrescit,
735 1660 1070 1737 propiusque
1093 1660 1298 1728 malum
1323 1664 1424 1713 est.
1500 1658 1617 1713 Iam
1642 1658 1869 1727 pulvere
1892 1656 2105 1712 caelum

387 1744 546 1799 Stare
571 1745 775 1815 vident,
798 1747 1141 1815 subeuntque
1167 1747 1395 1816 equites,
1418 1752 1475 1799 et
1498 1745 1709 1815 spicula
1732 1745 1929 1799 castris

387 1832 571 1889 Densa
595 1836 1049 1903 cadunt'inediis3
1091 1837 1136 1891 it
1157 1836 1332 1889 tristis
1356 1835 1426 1889 ad
1450 1818 1677 1891 aethei-a
1700 1836 1911 1889 clamor

389 1922 702 1979 Bellantum
727 1926 992 1980 iuvenum
1018 1930 1076 1978 et
1099 1925 1238 1977 duro
1261 1925 1364 1977 sub
1392 1924 1569 2001 Marte
1593 1915 1906 1977 cadentum.
2316 1924 2421 1974 410

387 2010 438 2063 H
445 2012 494 2066 ie
518 2011 724 2081 Venae,
747 2012 978 2081 indigno
1000 2012 1118 2065 nati
1142 2026 1407 2064 concussa
1429 2002 1633 2077 dolore,

383 2098 742 2155 Dictamnum
767 2100 1016 2169 genetrix
1045 2098 1280 2153 Cretaea
1301 2100 1479 2169 carpit
1504 2099 1573 2153 ab
1598 2098 1713 2164 Ida,

385 2184 692 2240 puberibus
717 2187 924 2241 caulem
953 2186 1102 2241 foliis
1127 2191 1184 2240 et
1209 2186 1344 2240 flore
1368 2190 1681 2241 comantem

383 2254 700 2342 Purpureo:
741 2289 855 2327 non
879 2274 972 2327 illa
997 2274 1130 2327 feris
1155 2274 1435 2353 incognita
1458 2274 1637 2343 capris

383 2360 664 2428 Gramina,
687 2376 816 2414 cum
837 2367 998 2431 tergo
1023 2360 1274 2415 volucres
1298 2359 1527 2416 haesere
1550 2360 1801 2431 sagittae.
2072 2400 2089 2419 0
2316 2362 2421 2413 415

382 2446 506 2503 Hoc
530 2446 742 2515 Venus,
764 2446 1001 2519 obscuro
1027 2447 1222 2502 faciem
1248 2447 1589 2503 circumdata
1608 2446 1819 2515 nimb0‚
2156 2462 2163 2471 ’

380 2532 626 2602 Detulit,
665 2534 774 2589 hoc
797 2510 984 2589 fusum
1003 2534 1172 2589 labris
1195 2534 1611 2604 splendentibus
1630 2516 1887 2610 amnem
1878 2546 2060 2585 ⁴4⁶-
2086 2537 2134 2587 ‚6
2243 2566 2296 2579 --ae
2319 2556 2354 2566 ‘-
2371 2564 2412 2573 -—

381 2619 580 2683 Inficit.
604 2621 818 2677 occulte
840 2620 1138 2690 medicans,
1165 2622 1483 2691 spargitque
1506 2622 1768 2677 salubris

382 2705 710 2762 Ambrosiae
734 2724 894 2763 sucos
917 2714 974 2763 et
999 2708 1334 2769 odoriferam
1359 2724 1677 2777 panaceam.
1722 2702 1790 2753 θ’

381 2790 542 2848 Fovit
567 2810 633 2848 ea
659 2794 854 2849 volnus
877 2794 1107 2865 lympha
1133 2794 1437 2863 longaevus
1460 2781 1607 2865 Iapil
2316 2797 2424 2849 420

383 2876 664 2947 Ignorans,
686 2880 976 2950 subitoque
998 2880 1180 2935 omnis
1202 2879 1272 2935 de
1296 2897 1527 2949 corpore
1550 2882 1692 2951 sugit

303 3012 360 3029 ,Β
382 2963 600 3033 Quippe
623 2964 797 3033 dolor,
819 2967 1000 3021 omnis
1025 2968 1181 3022 stetit
1201 2968 1316 3021 imo
1340 2967 1566 3022 volnere
1590 2967 1827 3035 sanguis.

383 3050 608 3119 Iamque
629 3058 819 3107 secuta
840 3069 1080 3129 manum,
1101 3054 1256 3109 nullo
1279 3060 1529 3130 cogente,
1550 3056 1752 3124 sagitta

381 3136 622 3205 Excidit,
643 3143 808 3207 atque
832 3154 1010 3193 novae
1033 3140 1246 3195 rediere
1269 3140 1328 3193 in
1351 3141 1587 3210 pristina
1608 3141 1769 3194 vires.

343 3214 358 3263 -”
387 3225 420 3251 “
437 3222 612 3277 Arma
635 3224 730 3279 citi
755 3230 1052 3294 properate
1073 3227 1224 3293 viro}
1267 3226 1399 3296 quid
1424 3227 1617 3281 statis?
1635 3226 1668 3253 ”
1706 3226 1855 3295 Iapis
2316 3226 2422 3277 425

383 3308 720 3379 Conclamat,
748 3312 1065 3382 primusque
1089 3314 1306 3367 animos
1331 3312 1583 3367 accendit
1602 3313 1663 3365 in
1684 3311 1922 3366 hostem.

385 3398 422 3425 “
439 3394 564 3450 Non
591 3396 724 3453 haec
749 3397 1008 3453 humanis
1032 3397 1244 3467 opibus,
1270 3415 1387 3453 non
1410 3402 1531 3453 arte
1552 3397 1817 3465 magistra

383 3481 740 3550 Proveniant,
768 3499 948 3551 neque
971 3488 1044 3551 te,
1073 3484 1282 3551 Aenea,
1307 3500 1434 3539 mea
1456 3485 1687 3537 dextera
1708 3485 1925 3541 servata
