2725 3892
1001 230 1276 281 VERGILI
1323 228 1699 281 GnoRmcoN
1744 230 1810 283 11.

391 390 526 445 Tum
547 391 686 447 levis
709 390 950 447 mames
973 398 1032 447 et
1054 408 1211 447 rasae
1234 391 1461 447 hastilia
1484 392 1673 462 virgae

388 477 789 549 Fraxineasque
813 484 1006 547 aptare
1027 478 1206 546 sudes,
1235 479 1531 549 furcasque
1555 478 1806 547 valentis,

389 563 621 619 Viribus
645 564 782 619 eniti
809 580 1040 634 quarum
1065 572 1124 619 et
1147 570 1505 619 contemnere
1530 570 1731 619 ventos
2320 570 2425 624 860

386 650 752 720 Adsuescant,
781 666 1129 721 summasque
1151 650 1308 721 sequi
1331 650 1585 705 tabulata
1608 666 1709 717 per
1733 651 1931 707 ulmos.

459 737 546 792 Ac
568 737 701 792 dum
725 738 906 807 prima
927 738 1088 791 novis
1112 736 1375 792 adolescit
1396 736 1685 792 frondibus
1708 744 1877 807 aetas,

387 826 732 883 Parcendum
759 826 986 891 teneris·
1007 830 1080 893 et,
1107 824 1240 879 dum
1265 840 1326 879 se
1351 824 1531 879 laetus
1557 825 1628 879 ad
1654 842 1817 881 auras

387 914 604 969 Palmes
627 913 756 984 agit,
777 912 925 1055 ige
947 928 1048 981 per
1067 926 1270 981 purum
1295 912 1571 967 immissus
1594 912 1835 996 hQissv
1896 900 2124 965 'rw-⁸⁴

389 1004 514 1073 Ipsa
537 1002 655 1057 acie
679 1018 794 1057 non
835 1016 926 1055 um
953 1001 1116 1059 falcis
1137 1002 1478 1073 temptanda,
1510 1002 1604 1057 sed
1636 1003 1791 1057 uncis
2320 1004 2423 1055 885

387 1089 710 1159 Carpendae
735 1088 988 1145 manibus
1008 1088 1249 1157 frondes,
1277 1090 1532 1160 interque
1556 1088 1834 1159 legendae.

385 1176 524 1232 Inde
549 1177 644 1231 ubi
665 1176 775 1231 iam
803 1173 1003 1232 validis
1026 1176 1312 1245 amplexae
1339 1178 1607 1247 stirpibus
1632 1177 1811 1231 ulmos

385 1264 656 1331 Exim-int,
683 1270 820 1318 tunc
842 1252 1054 1333 stringe
1077 1278 1278 1329 comas,
1309 1271 1445 1319 tunc
1476 1264 1736 1319 bracchia
1758 1264 2003 1319 tonde-

388 1352 542 1406 Ante
563 1350 926 1406 reformidant
951 1353 1352 1407 serrum—tum
1380 1351 1619 1421 denique
1642 1350 1783 1405 dura

385 1440 601 1496 Exerce
623 1440 869 1510 imperia,
899 1444 956 1495 et
981 1457 1165 1496 ramos
1189 1456 1477 1510 compesce
1502 1438 1738 1493 fluentis.
2108 1504 2116 1511 .
2318 1438 2424 1494 870

456 1526 748 1581 Texendae
771 1544 961 1597 saepes
983 1528 1149 1583 etiam
1175 1532 1234 1583 et
1259 1543 1431 1598 pecus
1456 1542 1619 1580 omne
1644 1525 1961 1589 tenendum,

387 1612 691 1683 Praecipue
713 1612 844 1668 dum
871 1614 1026 1669 frons
1049 1620 1245 1670 tenera
1269 1613 1699 1684 imprudensque
1724 1612 1973 1666 laborum
1992 1628 2007 1676 ς

385 1701 507 1769 Oui,
537 1718 702 1773 super
729 1703 984 1774 indignas
1012 1702 1222 1757 hiemes
1249 1699 1531 1771 solemque
1554 1706 1856 1769 potentem,

385 1788 678 1845 silvestres
703 1790 788 1845 uri
815 1789 1040 1845 adsidue
1064 1802 1401 1859 capreaeque
1428 1802 1689 1855 sequaces

385 1877 666 1948 Inludunt‚
697 1881 998 1947 pascuntur
1023 1892 1157 1931 oves
1183 1874 1486 1943 avidaeque
1510 1874 1789 1927 iuvencae.
2316 1873 2420 1927 875

384 1965 616 2035 Frigora
639 1982 742 2021 nec
767 1970 981 2020 tantum
1007 1979 1146 2018 cana
1169 1968 1431 2017 concreta
1454 1962 1667 2031 pruina,

385 2056 504 2112 Aut
528 2056 709 2127 gravis
732 2052 1058 2109 incumbens
1081 2048 1321 2120 scopulis
1347 2048 1633 2103 arentibus
1660 2053 1853 2113 aestas,

385 2144 666 2208 Quantum
692 2142 772 2197 illi
797 2155 1040 2195 nocuere
1061 2152 1271 2208 greges,
1299 2135 1532 2204 durique
1559 2148 1831 2189 venenum

385 2229 582 2285 Dentis
607 2234 663 2285 et
687 2229 944 2285 admorso
967 2227 1184 2294 signata
1207 2224 1266 2277 in
1291 2223 1464 2291 stirpe
1488 2222 1732 2277 cicatrix.

383 2316 510 2371 Non
537 2316 700 2371 aliam
727 2316 800 2370 ob
825 2314 1040 2384 culpam
1067 2309 1288 2365 Baccho
1313 2324 1480 2376 caper
1504 2306 1761 2361 omnibus
1782 2305 1893 2358 aris
2314 2304 2417 2356 880

385 2401 662 2471 Caeditur,
691 2408 749 2457 et
772 2405 991 2455 veteres
1013 2398 1210 2451 ineunt
1231 2393 1557 2464 proscaenia
1580 2391 1712 2457 ludi,

384 2488 744 2559 Praemiaque
767 2486 1003 2556 ingeniis
1025 2500 1200 2553 pagos
1221 2488 1279 2536 et
1307 2480 1553 2548 compita
1576 2480 1781 2533 circum

383 2574 648 2630 Thesidae
669 2588 920 2645 posuere,
948 2576 1115 2639 atque
1139 2569 1286 2623 inter
1311 2565 1511 2636 pocula
1532 2564 1665 2621 laeti

381 2662 642 2719 Mollibus
664 2665 724 2719 in
749 2664 924 2734 pratis
947 2666 1143 2717 unctos
1169 2660 1383 2715 saluere
1402 2672 1505 2725 per
1528 2660 1695 2708 utres.

383 2748 502 2805 Nec
527 2767 641 2805 non
666 2749 918 2818 Ausonii,
945 2748 1110 2803 Troia
1132 2763 1268 2817 gens
1293 2744 1475 2810 missa,
1504 2740 1689 2796 coloni
2310 2740 2415 2791 885

383 2836 654 2893 Versibus
674 2836 970 2907 incomptis
992 2834 1192 2889 ludunt
1219 2834 1445 2901 risuque
1472 2828 1671 2895 soluto,

383 2922 604 2995 Oraque
629 2925 926 2981 corticibus
950 2928 1176 2978 sumunt
1197 2919 1479 2975 horrenda
1500 2916 1723 2985 caratis,

383 3010 456 3068 Et
479 3020 551 3080 te,
581 3012 810 3081 Bacche,
839 3018 1043 3067 vocant
1065 3026 1164 3081 per
1189 3009 1440 3065 carmina
1462 3006 1623 3074 laem,
1650 3004 1866 3071 tibique

384 3100 588 3156 Oscilla
611 3116 680 3155 ex
707 3100 818 3156 alta
843 3096 1188 3168 suspendunt
1209 3094 1401 3150 mollia
1420 3096 1571 3163 pinu.

383 3187 531 3241 Hinc
555 3186 734 3241 omnis
755 3184 910 3254 largo
935 3184 1186 3255 pubescit
1211 3184 1375 3237 vinea
1397 3182 1532 3247 fetu,
2312 3174 2419 3227 890

385 3272 747 3344 complentur
772 3271 1048 3342 vallesque
1075 3286 1242 3325 cavae
1265 3268 1547 3337 saltusque
1570 3262 1850 3335 p;·ofundi‚

383 3360 456 3416 Et
480 3376 825 3433 quocumque
849 3358 987 3413 deus
1009 3358 1217 3413 circum
1242 3361 1411 3425 caput
1434 3354 1549 3420 egit
1570 3352 1883 3406 honestum.

385 3448 534 3517 Ergo
557 3447 665 3502 rite
689 3462 848 3501 suum
873 3444 1096 3501 Baccho
1119 3442 1364 3499 dicemus
1386 3442 1655 3496 honorem

385 3532 736 3589 Carminibus
759 3530 954 3603 patriis
975 3531 1270 3601 lancesque
1295 3534 1354 3584 et
1376 3528 1489 3583 liba
1512 3527 1767 3593 feremus,
