2725 3892
971 234 1247 286 VERGILI
1293 234 1671 285 GEORGICON
1718 234 1784 285 11.

365 398 442 455 Ut
465 416 682 469 gemma
706 397 861 453 bibat
885 402 942 452 et
966 396 1206 453 Sarrano
1231 396 1471 451 dormiat
1496 402 1679 464 ostro;

363 486 570 543 Condit
591 502 725 555 opes
749 484 901 552 alius,
929 483 1254 552 defossoque
1281 483 1509 537 incubat
1534 499 1701 549 θυι-ος

363 572 470 627 Hic
495 578 682 641 stupet
704 570 977 625 attonitus
1002 570 1246 637 Rostris;
1289 570 1438 623 hunc
1463 568 1687 639 plausus
1711 569 1974 640 hiantem,

362 659 470 714 Per
494 674 700 713 cuneos
724 658 1034 727 geminatus
1057 658 1222 724 enim,
1251 656 1537 726 plebisque
1562 661 1891 727 patrumque

363 746 676 815 Corripuit3
717 744 961 813 gandent
983 744 1191 813 perfusi
1219 744 1483 811 sanguine
1508 743 1759 810 fratrum,

359 832 678 902 Exsilioque
703 832 899 885 domos
922 836 980 885 et
1004 829 1189 884 dulcia
1211 830 1404 884 limina
1424 835 1659 897 mutant,

361 920 548 989 Atque
572 919 681 973 alio
704 918 942 988 patriam
967 922 1240 987 quaerunt
1267 917 1369 970 sub
1394 916 1507 969 sole
1534 916 1821 970 iacentem.

359 1007 624 1075 Agricola
645 1006 877 1060 incurvo
901 1012 1108 1059 terram
1135 1004 1373 1058 dimovit
1396 1008 1613 1057 aratro:

361 1092 508 1149 Hinc
533 1094 662 1148 anni
686 1092 860 1159 labor,
887 1090 1020 1145 hinc
1044 1091 1282 1161 patriam
1309 1106 1619 1159 parvosque
1644 1088 1874 1145 Penatis

359 1180 622 1249 Sustinet,
653 1180 782 1233 hinc
807 1184 1062 1233 armenta
1085 1178 1252 1231 boum
1277 1176 1613 1245 meritosque
1636 1176 1917 1231 iuvencos.

359 1266 414 1321 N
418 1284 480 1322 ec
505 1268 736 1337 requies,
767 1267 897 1335 quin
921 1270 1020 1321 aut
1039 1266 1222 1335 pomis
1245 1263 1512 1317 exuberet
1536 1278 1727 1330 annus,

359 1354 480 1409 Aut
503 1356 618 1409 fetu
643 1369 920 1424 pecorum,
950 1358 1044 1407 aut
1069 1351 1314 1407 Cerealis
1336 1349 1570 1417 mergite
1595 1348 1779 1417 culmi,

358 1442 752 1512 Proventuqne
776 1445 972 1495 oneret
993 1438 1176 1493 sulcos
1196 1444 1359 1508 atque
1384 1436 1587 1490 horrea
1609 1436 1815 1491 vincat.

361 1529 533 1584 Venit
559 1529 761 1583 hiems:
801 1529 1002 1582 teritur
1025 1526 1287 1595 Sicyonia
1309 1525 1447 1579 baca
1470 1522 1716 1593 trapetis,

361 1616 576 1671 Glande
601 1632 726 1669 sues
747 1614 880 1669 laeti
905 1612 1154 1682 redeunt,
1183 1611 1321 1668 dant
1346 1612 1545 1667 arbuta
1566 1610 1767 1677 silvae3

359 1702 433 1757 Et
457 1703 639 1757 varios
661 1702 820 1771 ponit
844 1702 988 1755 fetus
1013 1705 1322 1767 autumnus,
1351 1703 1409 1751 et
1433 1697 1541 1752 alte

359 1790 513 1845 Mitis
536 1790 595 1843 in
621 1789 824 1858 apricis
845 1788 1103 1857 coquitur
1127 1787 1409 1842 vindemia
1430 1786 1589 1841 saxis.

359 1875 580 1930 Interea
603 1874 790 1929 dulces
813 1874 1058 1943 pendent
1081 1873 1286 1929 circum
1311 1872 1499 1928 oscula
1522 1875 1655 1943 nati,

361 1963 528 2018 Casta
549 1962 872 2031 pudicitiam
897 1965 1082 2015 servat
1103 1959 1318 2029 domus,
1345 1961 1519 2016 ubera
1540 1976 1743 2016 vaccae

359 2050 563 2105 Lactea
587 2049 902 2115 demittunt,
931 2048 1272 2117 pinguesque
1295 2048 1352 2101 in
1378 2048 1627 2117 gramine
1648 2047 1797 2102 laeto

360 2138 514 2191 Inter
537 2154 595 2191 se
621 2135 864 2191 adversis
887 2134 1168 2190 luctantur
1191 2134 1453 2190 cornibus
1475 2134 1654 2189 haedi.

359 2225 485 2294 Ipse
511 2224 627 2278 dies
651 2224 824 2292 agitat
846 2223 1036 2291 festos,
1067 2222 1324 2294 fususque
1349 2241 1450 2295 per
1475 2224 1723 2293 herbam,

360 2310 508 2380 Ignis
533 2311 624 2364 ubi
652 2312 710 2363 in
733 2308 915 2363 medio
938 2315 998 2364 et
1021 2311 1156 2365 socii
1182 2317 1397 2367 cratera
1420 2316 1707 2379 coronant,

359 2398 450 2465 Te,
478 2397 670 2463 libans,
699 2384 928 2465 Lenaee,
955 2403 1135 2467 vocat,
1161 2398 1486 2468 pecorisque
1508 2396 1787 2467 magistris

360 2484 584 2539 Velocis
607 2483 769 2538 iaculi
797 2484 1098 2539 certamina
1121 2486 1280 2553 ponit
1301 2485 1360 2539 in
1388 2484 1553 2553 alme,

360 2570 712 2640 Corporaque
737 2570 940 2639 agresti
963 2571 1177 2626 nudant
1198 2571 1471 2641 praedura
1494 2570 1815 2641 palaestrae.

361 2658 519 2713 Hanc
543 2656 676 2711 olim
701 2664 918 2711 veteres
941 2658 1118 2713 vitam
1139 2658 1358 2713 coluere
1382 2658 1587 2724 Sabini,

361 2744 518 2799 Hanc
541 2743 748 2798 Remus
773 2749 830 2798 et
853 2743 1054 2811 frater-3
1095 2745 1174 2799 sic
1198 2744 1366 2801 fortis
1388 2743 1618 2799 Etruria
1640 2741 1817 2797 crevit

358 2831 597 2901 Scilicet,
618 2835 873 2885 etrerum
896 2830 1044 2885 facta
1067 2836 1154 2885 est
1176 2830 1551 2900 pulcherrima
1572 2829 1768 2896 Roma,
1821 2896 1827 2902 .

359 2918 690 2988 Septemque
714 2934 825 2972 una
849 2917 956 2971 sibi
977 2934 1138 2971 muro
1164 2916 1529 2973 circumdedit
1552 2930 1720 2972 arces.

361 3006 511 3059 Ante
537 3005 705 3059 etiam
729 3012 1006 3061 sceptrum
1033 3002 1248 3058 Dictaei
1274 3002 1433 3071 reg-is,
1456 3009 1515 3057 et
1538 3008 1668 3057 ante

359 3092 537 3161 Impia
561 3107 724 3161 quam
750 3090 920 3145 caesis
943 3106 1079 3156 gens
1105 3094 1190 3145 est
1213 3088 1437 3157 epulata
1458 3089 1723 3156 iuvencis,

359 3178 578 3231 Aureus
601 3177 745 3231 hanc
769 3176 939 3229 vitam
966 3176 1024 3229 in
1051 3176 1214 3229 terris
1242 3174 1513 3229 Saturnus
1536 3175 1766 3244 agebatz

359 3262 612 3317 Necdum
635 3262 798 3316 etiam
824 3259 1114 3317 audierant
1137 3260 1316 3315 inflari
1341 3260 1582 3331 classica,
1612 3260 1847 3317 necdum

357 3350 653 3419 Impositos
675 3347 828 3402 duris
852 3348 1126 3404 crepitare
1147 3346 1441 3401 incudibus
1463 3365 1635 3405 enses.

428 3437 539 3491 Sed
563 3452 664 3491 nos
689 3437 1016 3490 immensum
1041 3435 1232 3506 spatiis
1256 3433 1598 3491 confecimus
1620 3453 1845 3507 aequor,

359 3524 565 3579 Etiam
589 3528 810 3591 tempus
833 3539 1035 3583 equum
1059 3522 1335 3579 fumantia
1357 3522 1573 3579 solvere
1598 3523 1755 3581 colla.

2296 746 2401 798 510

2294 1178 2399 1231 515

2292 1611 2399 1665 520

2289 2044 2397 2097 525

2289 2483 2399 2535 530

2290 2918 2395 2971 585
