2725 3892
969 194 1246 247 naam
1291 194 1621 248 ammos
1664 194 1777 249 ΧΠ.

361 358 656 427 obsedere,
685 358 777 413 alii
799 358 976 428 portis
1001 357 1324 413 sublimibus
1350 362 1551 413 astant.

429 446 510 501 At
533 446 674 511 Iuno
699 462 732 499 e
755 461 984 515 summo,
1013 446 1107 518 qui
1133 462 1279 518 nunc
1304 438 1558 518 Albanus
1581 445 1908 514 habetur,-

359 534 500 589 Tum
525 548 704 602 neque
727 548 929 587 nomen
957 537 1074 587 erat
1098 548 1200 587 nec
1223 532 1403 587 honos
1428 538 1523 586 aut
1556 532 1733 601 gloria
1758 533 2009 587 monti—

358 620 708 689 Prospiciens
732 619 949 672 tumulo
973 634 1229 687 eampum
1254 619 1578 687 aspectabat
1604 625 1663 672 et
1685 619 1875 674 ambae

357 708 694 763 Laurentum
720 706 1034 775 Troumque
1057 706 1204 759 acies
1231 706 1533 775 urbemque
1557 704 1757 760 Latini.

355 793 656 863 Extemplo
679 792 847 847 Turni
873 794 952 847 sic
977 798 1061 846 est
1085 792 1278 845 adfata
1301 807 1565 861 sororem,

359 881 504 935 Diva
527 880 702 949 deam,
723 880 944 948 ,stagnis
967 896 1107 947 quae
1131 866 1558 947 fluminibusque
1582 880 1799 932 sonoris

356 966 886 1035 Praesidet,—hunc
905 965 986 1019 illi
1012 982 1112 1020 rex
1137 964 1378 1019 aetheris
1403 964 1547 1037 altus
1572 964 1839 1019 honorem

355 1054 606 1123 Iuppiter
629 1059 820 1122 erepta
843 1068 946 1122 pro
971 1052 1288 1121 virginitate
1315 1052 1659 1106 sacravit—z

293 1170 310 1183 ·
357 1142 392 1171 “
409 1140 688 1215 Nympha,
717 1140 884 1211 decus
909 1138 1219 1207 fluviorum,
1248 1138 1435 1192 animo
1459 1138 1769 1207 gratissima
1792 1144 2001 1207 nosti-0,

355 1229 488 1297 Scis,
516 1235 580 1282 ut
605 1234 661 1282 te
685 1228 900 1281 cunctis
924 1242 1108 1295 unam,
1137 1242 1513 1296 quaecumque
1538 1226 1771 1283 Latinae

355 1314 693 1385 Magnanimi
716 1314 864 1387 Iovis
888 1314 1166 1383 ingratum
1189 1312 1487 1389 ascendere
1512 1313 1709 1381 cubile,

353 1403 734 1473 Praetulerim,
761 1402 1003 1471 caelique
1028 1402 1206 1457 libens
1227 1402 1289 1454 in
1313 1407 1475 1470 parte
1500 1402 1764 1457 locat-im:

352 1491 518 1545 Disce
543 1497 716 1559 tuum,
744 1506 816 1543 ne
839 1506 928 1543 me
952 1489 1184 1566 incuses,
1215 1488 1461 1556 Iuturna,
1490 1478 1755 1553 dolorem,

353 1577 477 1643 Qua
500 1578 618 1631 visa
639 1582 724 1631 est
748 1576 996 1630 Fortuna
1020 1576 1151 1645 pati,
1181 1574 1497 1645 Parcaeque
1522 1576 1779 1631 sinebant

353 1663 562 1718 Cedere
585 1679 676 1717 res
701 1662 876 1731 Latio,
906 1661 1154 1717 Turnum
1180 1667 1238 1715 et
1259 1666 1360 1715 tua
1384 1663 1604 1717 moenia
1628 1663 1773 1725 texi:

353 1750 516 1805 Nunc
540 1752 798 1805 iuvenem
821 1750 1127 1819 imparibus
1153 1750 1314 1802 video
1338 1765 1669 1803 concurrere
1692 1750 1838 1819 fatis,

351 1838 756 1921 Parcarumque
783 1836 902 1889 dies
923 1840 982 1889 et
1007 1836 1092 1889 vie
1114 1836 1341 1889 inimica
1363 1837 1717 1905 propinquat.

350 1925 484 1979 Non
506 1940 750 1995 pugnam
774 1924 1018 1992 aspicere
1043 1922 1186 1976 hanc
1212 1922 1398 1989 oeulis,
1428 1938 1541 1976 non
1568 1924 1793 1979 foedera
1814 1940 2052 1993 possum.

298 1984 431 2066 Tu
459 2028 560 2113 pro
584 2027 846 2079 germano
871 2009 916 2062 si
943 2008 1077 2077 quid
1103 2010 1447 2108 praesentius
1452 2011 1655 2109 audes,

350 2076 558 2167 Perge:
599 2079 775 2153 decet.
849 2096 1056 2151 F6rsan
1083 2112 1316 2149 miseros
1339 2075 1575 2153 meli'ora
1593 2088 1948 2165 sequemur?

350 2185 466 2240 Vix
490 2202 569 2255 ea,
600 2202 726 2239 cum
751 2183 1008 2237 lacrimas
1031 2182 1203 2237 oculis
1229 2182 1461 2237 Iuturna
1485 2184 1751 2252 profudit,

349 2273 562 2342 Terque
587 2277 890 2341 quaterque
914 2286 1080 2324 manu
1105 2276 1300 2338 pectus
1325 2271 1595 2347 percussit
1618 2271 1929 2325 honestum.

351 2361 387 2390 ‘⁴
407 2358 538 2413 Non
561 2358 802 2413 lacrimis
826 2357 932 2411 hoe
955 2362 1176 2425 tempus
1193 2357 1224 2384 ’²
1253 2357 1331 2411 ait
1353 2356 1616 2411 Saturnia
1640 2357 1795 2423 Iun0,

351 2448 386 2477 “
409 2446 657 2512 Acelera‚
685 2450 744 2499 et
767 2446 1018 2513 tratrem,
1047 2444 1092 2497 si
1119 2444 1242 2514 quis
1263 2444 1476 2511 modus,
1506 2444 1657 2511 eripe
1684 2444 1869 2511 morti,

347 2534 470 2589 Aut
492 2539 554 2588 tu
579 2532 728 2609 bella
749 2532 847 2600 cie,
877 2538 1309 2601 conceptamque
1333 2538 1531 2585 excute
1554 2530 1770 2585 foedus.

347 2624 566 2676 Auctor
589 2636 692 2689 ego
717 2618 1010 2674 audendi.”
1083 2618 1178 2673 Sic
1201 2618 1495 2673 exhortata
1518 2616 1743 2685 reliquit

345 2708 626 2764 Incertam
651 2712 708 2762 et
732 2706 878 2761 tristi
901 2706 1182 2761 turbatam
1205 2704 1431 2758 volnere
1453 2703 1673 2758 mentis.

416 2796 640 2850 Interea
663 2810 847 2862 reges:
889 2793 1102 2861 ingenti
1127 2792 1271 2846 mole
1297 2790 1527 2845 Latinus

348 2881 688 2949 Quadriiugo
711 2878 932 2933 vehitur
956 2895 1135 2945 curru,
1164 2878 1252 2932 cui
1275 2883 1528 2945 tempora
1550 2876 1757 2931 circum

351 2968 550 3023 Aurati
573 2967 659 3022 bis
683 2982 780 3020 sex
803 2966 944 3020 radii
969 2966 1240 3033 fulgentia
1264 2965 1509 3039 cingunt,

349 3054 491 3109 Solis
515 3054 604 3109 avi
629 3052 908 3121 specimen
929 3071 944 3119 ;
985 3051 1128 3119 bigis
1153 3052 1198 3103 it
1223 3050 1443 3103 Turnus
1462 3051 1521 3103 in
1546 3050 1701 3119 albis,

347 3141 488 3195 Bina
515 3156 678 3193 manu
703 3138 818 3193 lato
845 3140 1092 3206 crispans
1116 3137 1336 3191 hastilia
1359 3138 1525 3193 ferro·

347 3227 492 3281 Hinc
517 3234 676 3296 pater
703 3227 938 3291 Aeneas,
967 3225 1250 3279 Romanae
1276 3225 1467 3293 stirpis
1490 3226 1663 3292 origO,

345 3314 570 3368 Sidereo
594 3313 832 3381 flagrans
856 3311 1032 3381 clipeo
1058 3317 1115 3364 et
1139 3311 1467 3365 caelestibus
1490 3311 1670 3375 armis,

342 3401 416 3455 Et
441 3402 598 3455 iuxta
622 3398 907 3465 Ascanius,
936 3414 1170 3464 magnae
1193 3414 1318 3465 spes
1341 3397 1513 3451 altera
1538 3397 1761 3462 Romae,

343 3486 661 3541 Procedant
683 3484 876 3539 castris
896 3502 908 3549 3
949 3499 1196 3553 puraque
1219 3484 1278 3536 in
1305 3487 1457 3535 veste
1480 3480 1737 3537 sacerdos

551 3565 560 3591 Ι

2292 536 2395 588 135

2292 970 2394 1020 140

2288 1407 2391 1458 145
2456 1399 2463 1407 ’

2285 1842 2390 1893 150

2283 2275 2387 2327 155

2281 2708 2387 2761 160
2477 2786 2485 2791 -

2282 3140 2381 3193 165
