2725 3892
963 214 1238 265 VERGILI
1281 214 1613 267 AENEIDOS
1658 216 1771 268 XII.

361 375 550 431 Aenea
575 376 847 445 veniente,
876 375 994 431 sui:
1036 376 1188 430 dedit
1214 376 1379 455 obyia
1400 377 1555 451 ferro

355 464 606 532 Pectora,
633 479 739 517 nec
761 464 966 518 misero
989 463 1150 532 clipei
1176 480 1333 517 mora
1356 465 1569 533 profuit
1596 466 1868 543 aerei?-

355 550 432 605 'l'e
455 566 670 619 quoque
697 548 998 603 Laurentes
1021 549 1303 619 viderunt,
1328 551 1520 619 Aeole‚
1550 553 1731 622 campi

356 639 633 706 Oppetere
657 640 716 689 et
739 635 850 689 late
875 642 1084 690 terram
1111 642 1465 691 consternere
1490 644 1675 707 tergo:

355 723 592 791 Occidis,
623 722 863 791 Argivae
890 738 1050 792 quem
1077 739 1189 776 non
1217 728 1449 791 potuere
1473 724 1772 793 phalanges

355 814 627 877 Sternere,
657 826 764 863 nec
787 810 996 864 Priami
1020 827 1318 877 regnorum
1346 827 1571 865 eversor
1595 813 1841 869 Achilles
1862 833 1875 881 ;

354 898 464 952 Hic
487 897 592 950 tibi
614 882 816 950 mortis¹
837 902 996 950 erant
1022 904 1217 963 metae,
1247 897 1444 953 domus
1468 900 1581 954 alta
1604 903 1705 956 sub
1730 902 1860 968 Ida;

354 983 584 1052 Lyrnesi
609 983 806 1037 domus
829 983 955 1052 alta,
991 983 1106 1037 solo
1133 982 1409 1039 Laurente
1436 988 1763 1056 sepulcrum.

311 1119 328 1129 ,
356 1072 526 1125 Totae
552 1070 688 1124 adeo
713 1086 1014 1125 conversae
1039 1071 1198 1139 acies,
1229 1088 1529 1143 omnesque
1552 1075 1753 1144 Latini,

357 1158 564 1212 Omnes
587 1156 953 1226 Dardanidae,
979 1156 1316 1226 Mnestheus,
1345 1176 1579 1231 acerque
1604 1163 1871 1231 Serestus,

355 1246 428 1301 Et
453 1247 737 1316 Messapus
761 1262 961 1317 equum
993 1246 1251 1317 domitor,
1281 1255 1338 1305 et
1363 1252 1522 1305 fortis
1546 1252 1742 1320 Asilas,

357 1332 765 1403 Tuscorumque
789 1335 1050 1405 phalanx,
1083 1336 1441 1407 Euandrique
1466 1338 1711 1395 Arcades
1736 1339 1872 1407 alae,

355 1423 468 1478 Pro
493 1441 550 1479 se
576 1425 802 1493 quisque
829 1426 934 1478 viri
961 1442 1176 1479 summa
1199 1427 1455 1483 nituntur
1476 1442 1645 1494 opum
1668 1426 1755 1493 vi;

355 1510 476 1567 Nec
500 1528 669 1578 mora,
699 1528 800 1567 nec
823 1512 1044 1581 requies
1064 1532 1096 1591 ς.
1119 1522 1277 1569 vasto
1301 1513 1603 1567 certamine
1626 1512 1878 1567 tendunt.

427 1600 534 1654 Hic
561 1606 803 1654 mentem
830 1588 1054 1657 Aeneae
1083 1601 1337 1671 genetrix
1362 1598 1733 1670 pulcherrima
1754 1600 1916 1664 misit,

357 1688 470 1744 Iret
495 1695 558 1743 ut
584 1689 653 1744 ad
668 1688 878 1757 biuros,
907 1690 1140 1759 urbique
1166 1688 1483 1745 adverteret
1505 1702 1699 1755 agmen

357 1775 525 1831 Ocius
551 1783 607 1831 et
631 1777 814 1832 subita
835 1778 1088 1831 turbaret
1115 1776 1272 1831 clade
1297 1774 1543 1829 Latinos.

355 1863 472 1933 llle,
501 1870 566 1919 ut
589 1867 868 1934 vestigans
894 1866 1116 1919 diversa
1140 1880 1241 1933 per
1267 1863 1489 1931 agmina
1513 1862 1759 1915 Turnum

357 1950 482 2005 Huc
506 1958 670 2021 atque
695 1938 976 2007 hncacies
1004 1951 1354 2016 circumtulit,
1390 1950 1587 2016 aspicit
1614 1947 1803 2001 urbem

355 2038 663 2094 Immunem
693 2042 832 2094 tanti
859 2039 994 2094 belli
1021 2043 1185 2105 atque
1209 2037 1435 2103 impune
1458 2035 1716 2103 quietam.

357 2126 642 2183 Continuo
668 2146 884 2198 pugnae
908 2126 1164 2182 accendit
1188 2123 1412 2179 maioris
1438 2123 1649 2189 imago:

354 2214 650 2270 Mnesthea
673 2216 1100 2283 Sergestumque
1126 2218 1290 2267 vocat
1312 2210 1629 2277 fortemque
1655 2207 1933 2261 Serestum

356 2304 649 2371 DuctoreS,
677 2303 1062 2372 tumulumque
1090 2300 1251 2369 capit,
1283 2315 1393 2369 qua
1416 2304 1599 2351 cetera
1622 2294 1893 2349 Teucrum

356 2392 654 2447 Concurrit
679 2392 838 2460 legio,
865 2408 970 2445 nec
995 2394 1153 2445 scuta
1177 2394 1276 2443 aut
1299 2385 1513 2457 spicula
1532 2384 1687 2438 densi

354 2480 674 2549 Deponunt.
753 2480 914 2535 Celso
939 2478 1156 2533 medius
1185 2482 1336 2531 stans
1361 2488 1561 2541 aggere
1582 2472 1767 2525 fatur:

359 2570 396 2597 ‘⁸
411 2568 498 2623 Ne
521 2586 628 2638 qua
652 2570 790 2623 meis
813 2574 934 2623 esto
961 2566 1124 2623 dictis
1149 2559 1631 2629 mora—Iuppiter
1652 2557 1759 2609 hac
1782 2558 1967 2607 stat—
1986 2555 2017 2596 ι’

357 2652 480 2709 Neu
506 2656 628 2726 quis
655 2657 726 2712 ob
751 2658 1032 2725 inceptum
1059 2653 1302 2707 subitum
1329 2648 1467 2702 mihi
1494 2646 1713 2714 segnior
1738 2642 1837 2695 ito.

358 2740 565 2797 Urbem
589 2744 770 2811 hodie,
798 2758 1020 2797 causam
1041 2739 1190 2805 belli,
1219 2752 1395 2805 regna
1416 2735 1533 2803 ipsa
1555 2729 1755 2796 Latini,

357 2828 432 2883 Ni
459 2831 675 2884 frenum
699 2830 946 2899 accipere
972 2834 1028 2883 et
1051 2826 1186 2881 victi
1211 2838 1407 2894 parere
1430 2822 1695 2885 fatentur,

357 2914 580 2981 Erum,
610 2917 864 2985 et'aequa
888 2914 1006 2969 solo
1031 2912 1306 2969 fumantia
1329 2908 1574 2965 culmina
1596 2912 1823 2974 ponam.

359 3000 584 3055 Scilicet
608 3006 936 3071 exspectem,
964 3000 1132 3068 libeat
1156 3000 1290 3053 dum
1315 2994 1530 3066 proelia
1554 2992 1743 3045 Turno

357 3086 568 3141 Nostra
590 3087 724 3155 pati,
751 3102 1046 3155 rursusque
1071 3086 1206 3141 velit
1231 3096 1563 3139 concurrere
1586 3074 1803 3133 vietus?

357 3172 480 3227 Hoc
506 3176 688 3241 caput,
716 3189 751 3226 o
775 3173 936 3240 cives,
965 3172 1102 3226 haec
1124 3172 1254 3225 belli
1281 3184 1498 3224 summa
1522 3163 1766 3219 nefandi.

355 3260 524 3315 Ferte
548 3260 700 3314 faces
723 3274 974 3327 propere,
1003 3257 1308 3325 foedusque
1331 3253 1609 3321 reposcite
1634 3244 1929 3305 flammis.'’

355 3348 610 3415 Dixerat,
641 3350 804 3413 atque
827 3344 1024 3398 animis
1046 3344 1254 3411 pariter
1278 3339 1621 3397 certantibus
1644 3348 1839 3390 omnes

353 3435 510 3491 Dant
535 3447 787 3501 cuneum,
817 3430 1094 3497 densaque
1117 3430 1186 3483 ad
1210 3444 1399 3483 muros
1422 3424 1567 3479 mole
1590 3424 1861 3493 feruntur.

354 3520 546 3578 Scalae
573 3516 876 3586 improviso
903 3514 1216 3584 subitusque
1243 3512 1501 3582 apparuit
1524 3509 1686 3577 ignis.

2286 817 2390 869 545

2286 1252 2391 1303 550

2286 1686 2389 1738 555

2288 2121 2393 2173 560

2282 2552 2385 2605 565

2286 2983 2391 3039 670

2292 3410 2395 3465 575
