<?xml version="1.0" encoding="UTF-8"?>
<!DOCTYPE html PUBLIC "-//W3C//DTD XHTML 1.0 Transitional//EN"
    "http://www.w3.org/TR/xhtml1/DTD/xhtml1-transitional.dtd">
<html xmlns="http://www.w3.org/1999/xhtml" xml:lang="en" lang="en">
 <head>
  <title>
</title>
<meta http-equiv="Content-Type" content="text/html;charset=utf-8" />
  <meta name='ocr-system' content='tesseract 3.04.00' />
  <meta name='ocr-capabilities' content='ocr_page ocr_carea ocr_par ocr_line ocrx_word'/>
</head>
<body>
  <div class='ocr_page' id='page_1' title='image "arevisedtextpoe01virggoog_0233.png"; bbox 0 0 2725 3892; ppageno 0'>
   <div class='ocr_carea' id='block_1_1' title="bbox 948 196 1728 250">
    <p class='ocr_par' dir='ltr' id='par_1_1' title="bbox 948 196 1728 250">
     <span class='ocr_line' id='line_1_1' title="bbox 948 196 1728 250; baseline -0.001 0"><span class='ocrx_word' id='word_1_1' title='bbox 948 198 1223 250; x_wconf 76' lang='lat' dir='ltr'>VERGILI</span> <span class='ocrx_word' id='word_1_2' title='bbox 1267 197 1596 250; x_wconf 69' lang='lat' dir='ltr'>Ammmos</span> <span class='ocrx_word' id='word_1_3' title='bbox 1639 196 1728 249; x_wconf 76' lang='lat' dir='ltr'>vl.</span> 
     </span>
    </p>
   </div>
   <div class='ocr_carea' id='block_1_2' title="bbox 321 359 1958 1558">
    <p class='ocr_par' dir='ltr' id='par_1_2' title="bbox 324 359 1573 431">
     <span class='ocr_line' id='line_1_2' title="bbox 324 359 1573 431; baseline -0.003 -15"><span class='ocrx_word' id='word_1_4' title='bbox 324 362 568 431; x_wconf 78' lang='lat' dir='ltr'>Tartara,</span> <span class='ocrx_word' id='word_1_5' title='bbox 596 366 653 416; x_wconf 83' lang='lat' dir='ltr'>et</span> <span class='ocrx_word' id='word_1_6' title='bbox 676 360 871 415; x_wconf 81' lang='lat' dir='ltr'>insa-uo</span> <span class='ocrx_word' id='word_1_7' title='bbox 894 360 1051 415; x_wconf 82' lang='lat' dir='ltr'>iuvat</span> <span class='ocrx_word' id='word_1_8' title='bbox 1074 359 1357 428; x_wconf 83' lang='lat' dir='ltr'>indulgere</span> <span class='ocrx_word' id='word_1_9' title='bbox 1383 359 1573 427; x_wconf 82' lang='lat' dir='ltr'>labori,</span> 
     </span>
    </p>

    <p class='ocr_par' dir='ltr' id='par_1_3' title="bbox 323 446 1898 602">
     <span class='ocr_line' id='line_1_3' title="bbox 323 446 1898 518; baseline -0.002 -15"><span class='ocrx_word' id='word_1_10' title='bbox 323 449 549 518; x_wconf 88' lang='lat' dir='ltr'>Accipe,</span> <span class='ocrx_word' id='word_1_11' title='bbox 576 465 715 518; x_wconf 83' lang='lat' dir='ltr'>quae</span> <span class='ocrx_word' id='word_1_12' title='bbox 738 447 1051 516; x_wconf 78' lang='lat' dir='ltr'>peragenda</span> <span class='ocrx_word' id='word_1_13' title='bbox 1072 449 1241 516; x_wconf 85' lang='lat' dir='ltr'>prius.</span> <span class='ocrx_word' id='word_1_14' title='bbox 1316 446 1480 501; x_wconf 80' lang='lat' dir='ltr'>Latet</span> <span class='ocrx_word' id='word_1_15' title='bbox 1504 447 1702 500; x_wconf 81' lang='lat' dir='ltr'>arbore</span> <span class='ocrx_word' id='word_1_16' title='bbox 1726 462 1898 516; x_wconf 86' lang='lat' dir='ltr'>opaca</span> 
     </span>
     <span class='ocr_line' id='line_1_4' title="bbox 323 533 1516 602; baseline -0.003 -12"><span class='ocrx_word' id='word_1_17' title='bbox 323 536 543 590; x_wconf 88' lang='lat' dir='ltr'>Aureus</span> <span class='ocrx_word' id='word_1_18' title='bbox 566 540 623 589; x_wconf 81' lang='lat' dir='ltr'>et</span> <span class='ocrx_word' id='word_1_19' title='bbox 646 534 793 590; x_wconf 84' lang='lat' dir='ltr'>foliis</span> <span class='ocrx_word' id='word_1_20' title='bbox 818 539 875 588; x_wconf 84' lang='lat' dir='ltr'>et</span> <span class='ocrx_word' id='word_1_21' title='bbox 898 533 1053 588; x_wconf 88' lang='lat' dir='ltr'>lento</span> <span class='ocrx_word' id='word_1_22' title='bbox 1080 535 1285 587; x_wconf 84' lang='lat' dir='ltr'>vimine</span> <span class='ocrx_word' id='word_1_23' title='bbox 1315 549 1516 602; x_wconf 86' lang='lat' dir='ltr'>ramus,</span> 
     </span>
    </p>

    <p class='ocr_par' dir='ltr' id='par_1_4' title="bbox 322 619 1774 951">
     <span class='ocr_line' id='line_1_5' title="bbox 323 619 1768 688; baseline -0.001 -12"><span class='ocrx_word' id='word_1_24' title='bbox 323 623 519 676; x_wconf 85' lang='lat' dir='ltr'>Iunoni</span> <span class='ocrx_word' id='word_1_25' title='bbox 544 622 797 676; x_wconf 72' lang='lat' dir='ltr'>internae</span> <span class='ocrx_word' id='word_1_26' title='bbox 821 622 1001 676; x_wconf 86' lang='lat' dir='ltr'>dictus</span> <span class='ocrx_word' id='word_1_27' title='bbox 1024 637 1208 688; x_wconf 77' lang='lat' dir='ltr'>sacci-3</span> <span class='ocrx_word' id='word_1_28' title='bbox 1250 619 1400 673; x_wconf 87' lang='lat' dir='ltr'>hunc</span> <span class='ocrx_word' id='word_1_29' title='bbox 1423 620 1564 688; x_wconf 81' lang='lat' dir='ltr'>tegit</span> <span class='ocrx_word' id='word_1_30' title='bbox 1587 620 1768 674; x_wconf 88' lang='lat' dir='ltr'>omnis</span> 
     </span>
     <span class='ocr_line' id='line_1_6' title="bbox 322 705 1774 763; baseline 0 -1"><span class='ocrx_word' id='word_1_31' title='bbox 322 707 501 763; x_wconf 85' lang='lat' dir='ltr'>Lucus</span> <span class='ocrx_word' id='word_1_32' title='bbox 524 713 581 762; x_wconf 89' lang='lat' dir='ltr'>et</span> <span class='ocrx_word' id='word_1_33' title='bbox 605 709 853 762; x_wconf 86' lang='lat' dir='ltr'>obscuris</span> <span class='ocrx_word' id='word_1_34' title='bbox 877 707 1139 762; x_wconf 84' lang='lat' dir='ltr'>claudunt</span> <span class='ocrx_word' id='word_1_35' title='bbox 1164 705 1506 760; x_wconf 81' lang='lat' dir='ltr'>convallibus</span> <span class='ocrx_word' id='word_1_36' title='bbox 1529 706 1774 762; x_wconf 83' lang='lat' dir='ltr'>umbrae.</span> 
     </span>
     <span class='ocr_line' id='line_1_7' title="bbox 324 793 1592 862; baseline -0.003 -12"><span class='ocrx_word' id='word_1_37' title='bbox 324 795 431 850; x_wconf 83' lang='lat' dir='ltr'>Sed</span> <span class='ocrx_word' id='word_1_38' title='bbox 456 811 572 850; x_wconf 91' lang='lat' dir='ltr'>non</span> <span class='ocrx_word' id='word_1_39' title='bbox 596 801 725 850; x_wconf 86' lang='lat' dir='ltr'>ante</span> <span class='ocrx_word' id='word_1_40' title='bbox 748 794 913 848; x_wconf 85' lang='lat' dir='ltr'>datur</span> <span class='ocrx_word' id='word_1_41' title='bbox 936 793 1149 848; x_wconf 85' lang='lat' dir='ltr'>telluris</span> <span class='ocrx_word' id='word_1_42' title='bbox 1174 798 1370 862; x_wconf 82' lang='lat' dir='ltr'>operta</span> <span class='ocrx_word' id='word_1_43' title='bbox 1393 794 1592 860; x_wconf 84' lang='lat' dir='ltr'>subire,</span> 
     </span>
     <span class='ocr_line' id='line_1_8' title="bbox 325 879 1733 951; baseline 0 -16"><span class='ocrx_word' id='word_1_44' title='bbox 325 881 653 936; x_wconf 87' lang='lat' dir='ltr'>Auricomos</span> <span class='ocrx_word' id='word_1_45' title='bbox 677 897 839 951; x_wconf 85' lang='lat' dir='ltr'>quam</span> <span class='ocrx_word' id='word_1_46' title='bbox 867 881 961 950; x_wconf 89' lang='lat' dir='ltr'>qui</span> <span class='ocrx_word' id='word_1_47' title='bbox 988 879 1327 949; x_wconf 70' lang='lat' dir='ltr'>decerpserit</span> <span class='ocrx_word' id='word_1_48' title='bbox 1353 880 1552 933; x_wconf 86' lang='lat' dir='ltr'>arbore</span> <span class='ocrx_word' id='word_1_49' title='bbox 1575 879 1733 936; x_wconf 79' lang='lat' dir='ltr'>fetus.</span> 
     </span>
    </p>

    <p class='ocr_par' dir='ltr' id='par_1_5' title="bbox 324 965 1748 1109">
     <span class='ocr_line' id='line_1_9' title="bbox 324 965 1748 1036; baseline -0.001 -14"><span class='ocrx_word' id='word_1_50' title='bbox 324 969 447 1022; x_wconf 89' lang='lat' dir='ltr'>Hoc</span> <span class='ocrx_word' id='word_1_51' title='bbox 470 967 573 1022; x_wconf 80' lang='lat' dir='ltr'>sibi</span> <span class='ocrx_word' id='word_1_52' title='bbox 592 967 822 1036; x_wconf 85' lang='lat' dir='ltr'>pulchra</span> <span class='ocrx_word' id='word_1_53' title='bbox 845 983 1003 1021; x_wconf 88' lang='lat' dir='ltr'>suum</span> <span class='ocrx_word' id='word_1_54' title='bbox 1031 966 1163 1021; x_wconf 81' lang='lat' dir='ltr'>ferri</span> <span class='ocrx_word' id='word_1_55' title='bbox 1189 965 1524 1035; x_wconf 80' lang='lat' dir='ltr'><strong>Proserpina</strong></span> <span class='ocrx_word' id='word_1_56' title='bbox 1548 983 1748 1022; x_wconf 87' lang='lat' dir='ltr'>munus</span> 
     </span>
     <span class='ocr_line' id='line_1_10' title="bbox 324 1051 1582 1109; baseline -0.002 -1"><span class='ocrx_word' id='word_1_57' title='bbox 324 1055 584 1109; x_wconf 80' lang='lat' dir='ltr'><strong>Instituit.</strong></span> <span class='ocrx_word' id='word_1_58' title='bbox 658 1054 850 1108; x_wconf 88' lang='lat' dir='ltr'>Primo</span> <span class='ocrx_word' id='word_1_59' title='bbox 875 1054 1065 1108; x_wconf 84' lang='lat' dir='ltr'>avulso</span> <span class='ocrx_word' id='word_1_60' title='bbox 1090 1069 1205 1106; x_wconf 87' lang='lat' dir='ltr'>non</span> <span class='ocrx_word' id='word_1_61' title='bbox 1229 1051 1418 1107; x_wconf 82' lang='lat' dir='ltr'>deficit</span> <span class='ocrx_word' id='word_1_62' title='bbox 1441 1053 1582 1106; x_wconf 86' lang='lat' dir='ltr'>alter</span> 
     </span>
    </p>

    <p class='ocr_par' dir='ltr' id='par_1_6' title="bbox 324 1139 1611 1210">
     <span class='ocr_line' id='line_1_11' title="bbox 324 1139 1611 1210; baseline -0.001 -15"><span class='ocrx_word' id='word_1_63' title='bbox 324 1141 558 1210; x_wconf 79' lang='lat' dir='ltr'>Aureus,</span> <span class='ocrx_word' id='word_1_64' title='bbox 588 1147 645 1196; x_wconf 86' lang='lat' dir='ltr'>et</span> <span class='ocrx_word' id='word_1_65' title='bbox 668 1141 835 1194; x_wconf 78' lang='lat' dir='ltr'>simili</span> <span class='ocrx_word' id='word_1_66' title='bbox 859 1140 1166 1195; x_wconf 76' lang='lat' dir='ltr'><strong>frondescit</strong></span> <span class='ocrx_word' id='word_1_67' title='bbox 1188 1140 1348 1209; x_wconf 80' lang='lat' dir='ltr'>virga</span> <span class='ocrx_word' id='word_1_68' title='bbox 1369 1139 1611 1194; x_wconf 83' lang='lat' dir='ltr'>metallo.</span> 
     </span>
    </p>

    <p class='ocr_par' dir='ltr' id='par_1_7' title="bbox 321 1226 1576 1297">
     <span class='ocr_line' id='line_1_12' title="bbox 321 1226 1576 1297; baseline -0.003 -15"><span class='ocrx_word' id='word_1_69' title='bbox 321 1228 473 1297; x_wconf 82' lang='lat' dir='ltr'>Ergo</span> <span class='ocrx_word' id='word_1_70' title='bbox 496 1227 607 1282; x_wconf 81' lang='lat' dir='ltr'>alte</span> <span class='ocrx_word' id='word_1_71' title='bbox 634 1227 843 1296; x_wconf 80' lang='lat' dir='ltr'>vestiga</span> <span class='ocrx_word' id='word_1_72' title='bbox 868 1227 1054 1295; x_wconf 89' lang='lat' dir='ltr'>oculis,</span> <span class='ocrx_word' id='word_1_73' title='bbox 1084 1232 1143 1280; x_wconf 84' lang='lat' dir='ltr'>et</span> <span class='ocrx_word' id='word_1_74' title='bbox 1167 1226 1273 1279; x_wconf 85' lang='lat' dir='ltr'>rite</span> <span class='ocrx_word' id='word_1_75' title='bbox 1296 1231 1576 1294; x_wconf 81' lang='lat' dir='ltr'>repertum</span> 
     </span>
    </p>

    <p class='ocr_par' dir='ltr' id='par_1_8' title="bbox 322 1311 1958 1467">
     <span class='ocr_line' id='line_1_13' title="bbox 322 1311 1958 1384; baseline -0.001 -14"><span class='ocrx_word' id='word_1_76' title='bbox 322 1316 501 1384; x_wconf 81' lang='lat' dir='ltr'>Carpe</span> <span class='ocrx_word' id='word_1_77' title='bbox 524 1331 717 1370; x_wconf 79' lang='lat' dir='ltr'>manu:</span> <span class='ocrx_word' id='word_1_78' title='bbox 760 1329 997 1383; x_wconf 88' lang='lat' dir='ltr'>namque</span> <span class='ocrx_word' id='word_1_79' title='bbox 1023 1314 1141 1382; x_wconf 84' lang='lat' dir='ltr'>ipse</span> <span class='ocrx_word' id='word_1_80' title='bbox 1165 1312 1355 1366; x_wconf 81' lang='lat' dir='ltr'>volens</span> <span class='ocrx_word' id='word_1_81' title='bbox 1379 1311 1660 1382; x_wconf 82' lang='lat' dir='ltr'>facilisque</span> <span class='ocrx_word' id='word_1_82' title='bbox 1685 1319 1958 1384; x_wconf 81' lang='lat' dir='ltr'>sequetur,</span> 
     </span>
     <span class='ocr_line' id='line_1_14' title="bbox 322 1399 1580 1467; baseline -0.002 -11"><span class='ocrx_word' id='word_1_83' title='bbox 322 1402 383 1456; x_wconf 87' lang='lat' dir='ltr'>Si</span> <span class='ocrx_word' id='word_1_84' title='bbox 406 1407 463 1456; x_wconf 86' lang='lat' dir='ltr'>te</span> <span class='ocrx_word' id='word_1_85' title='bbox 485 1402 605 1456; x_wconf 71' lang='lat' dir='ltr'>fata</span> <span class='ocrx_word' id='word_1_86' title='bbox 627 1407 861 1467; x_wconf 80' lang='lat' dir='ltr'>vocant3</span> <span class='ocrx_word' id='word_1_87' title='bbox 902 1399 1061 1454; x_wconf 85' lang='lat' dir='ltr'>aliter</span> <span class='ocrx_word' id='word_1_88' title='bbox 1082 1415 1196 1454; x_wconf 92' lang='lat' dir='ltr'>non</span> <span class='ocrx_word' id='word_1_89' title='bbox 1222 1399 1430 1452; x_wconf 82' lang='lat' dir='ltr'>viribus</span> <span class='ocrx_word' id='word_1_90' title='bbox 1455 1399 1580 1453; x_wconf 88' lang='lat' dir='ltr'>ullis</span> 
     </span>
    </p>

    <p class='ocr_par' dir='ltr' id='par_1_9' title="bbox 324 1486 1633 1558">
     <span class='ocr_line' id='line_1_15' title="bbox 324 1486 1633 1558; baseline -0.001 -15"><span class='ocrx_word' id='word_1_91' title='bbox 324 1489 581 1558; x_wconf 77' lang='lat' dir='ltr'>Vincere,</span> <span class='ocrx_word' id='word_1_92' title='bbox 608 1503 713 1542; x_wconf 88' lang='lat' dir='ltr'>nec</span> <span class='ocrx_word' id='word_1_93' title='bbox 736 1487 879 1540; x_wconf 88' lang='lat' dir='ltr'>duro</span> <span class='ocrx_word' id='word_1_94' title='bbox 902 1487 1111 1557; x_wconf 84' lang='lat' dir='ltr'>poteris</span> <span class='ocrx_word' id='word_1_95' title='bbox 1136 1486 1446 1540; x_wconf 81' lang='lat' dir='ltr'>convellere</span> <span class='ocrx_word' id='word_1_96' title='bbox 1471 1487 1633 1542; x_wconf 79' lang='lat' dir='ltr'>ferro.</span> 
     </span>
    </p>
   </div>
   <div class='ocr_carea' id='block_1_3' title="bbox 244 1575 2030 3560">
    <p class='ocr_par' dir='ltr' id='par_1_10' title="bbox 320 1575 1720 1649">
     <span class='ocr_line' id='line_1_16' title="bbox 320 1575 1720 1649; baseline 0.005 -19"><span class='ocrx_word' id='word_1_97' title='bbox 320 1575 614 1632; x_wconf 83' lang='lat' dir='ltr'>Praeterea</span> <span class='ocrx_word' id='word_1_98' title='bbox 636 1579 780 1632; x_wconf 85' lang='lat' dir='ltr'>iacet</span> <span class='ocrx_word' id='word_1_99' title='bbox 804 1577 1115 1632; x_wconf 83' lang='lat' dir='ltr'>exanimum</span> <span class='ocrx_word' id='word_1_100' title='bbox 1142 1579 1245 1632; x_wconf 87' lang='lat' dir='ltr'>tibi</span> <span class='ocrx_word' id='word_1_101' title='bbox 1265 1595 1464 1649; x_wconf 84' lang='lat' dir='ltr'>corpus</span> <span class='ocrx_word' id='word_1_102' title='bbox 1487 1583 1720 1636; x_wconf 86' lang='lat' dir='ltr'>amici—</span> 
     </span>
    </p>

    <p class='ocr_par' dir='ltr' id='par_1_11' title="bbox 322 1663 1784 1738">
     <span class='ocr_line' id='line_1_17' title="bbox 322 1663 1784 1738; baseline 0.005 -22"><span class='ocrx_word' id='word_1_103' title='bbox 322 1663 445 1718; x_wconf 86' lang='lat' dir='ltr'>Hen</span> <span class='ocrx_word' id='word_1_104' title='bbox 469 1665 647 1718; x_wconf 87' lang='lat' dir='ltr'>nescis</span> <span class='ocrx_word' id='word_1_105' title='bbox 662 1666 1035 1734; x_wconf 72' lang='lat' dir='ltr'>I—totamque</span> <span class='ocrx_word' id='word_1_106' title='bbox 1060 1664 1294 1720; x_wconf 84' lang='lat' dir='ltr'>incestat</span> <span class='ocrx_word' id='word_1_107' title='bbox 1319 1668 1516 1722; x_wconf 80' lang='lat' dir='ltr'>funere</span> <span class='ocrx_word' id='word_1_108' title='bbox 1539 1668 1784 1738; x_wconf 80' lang='lat' dir='ltr'>classem,</span> 
     </span>
    </p>

    <p class='ocr_par' dir='ltr' id='par_1_12' title="bbox 321 1749 1786 1825">
     <span class='ocr_line' id='line_1_18' title="bbox 321 1749 1786 1825; baseline 0.004 -21"><span class='ocrx_word' id='word_1_109' title='bbox 321 1749 469 1804; x_wconf 89' lang='lat' dir='ltr'>Dum</span> <span class='ocrx_word' id='word_1_110' title='bbox 494 1751 744 1806; x_wconf 82' lang='lat' dir='ltr'>consulta</span> <span class='ocrx_word' id='word_1_111' title='bbox 765 1752 911 1820; x_wconf 88' lang='lat' dir='ltr'>petis</span> <span class='ocrx_word' id='word_1_112' title='bbox 935 1757 1233 1820; x_wconf 86' lang='lat' dir='ltr'>nostroque</span> <span class='ocrx_word' id='word_1_113' title='bbox 1255 1753 1313 1806; x_wconf 88' lang='lat' dir='ltr'>in</span> <span class='ocrx_word' id='word_1_114' title='bbox 1346 1753 1538 1809; x_wconf 87' lang='lat' dir='ltr'>limine</span> <span class='ocrx_word' id='word_1_115' title='bbox 1564 1755 1786 1825; x_wconf 91' lang='lat' dir='ltr'>pendes.</span> 
     </span>
    </p>

    <p class='ocr_par' dir='ltr' id='par_1_13' title="bbox 321 1835 1771 1910">
     <span class='ocr_line' id='line_1_19' title="bbox 321 1835 1771 1910; baseline 0.006 -22"><span class='ocrx_word' id='word_1_116' title='bbox 321 1835 555 1888; x_wconf 79' lang='lat' dir='ltr'>Sedibus</span> <span class='ocrx_word' id='word_1_117' title='bbox 578 1835 725 1889; x_wconf 88' lang='lat' dir='ltr'>hunc</span> <span class='ocrx_word' id='word_1_118' title='bbox 751 1836 902 1890; x_wconf 70' lang='lat' dir='ltr'>refer</span> <span class='ocrx_word' id='word_1_119' title='bbox 926 1841 1057 1890; x_wconf 84' lang='lat' dir='ltr'>ante</span> <span class='ocrx_word' id='word_1_120' title='bbox 1080 1837 1193 1890; x_wconf 87' lang='lat' dir='ltr'>suis</span> <span class='ocrx_word' id='word_1_121' title='bbox 1218 1842 1275 1891; x_wconf 86' lang='lat' dir='ltr'>et</span> <span class='ocrx_word' id='word_1_122' title='bbox 1299 1839 1475 1894; x_wconf 91' lang='lat' dir='ltr'>conde</span> <span class='ocrx_word' id='word_1_123' title='bbox 1501 1842 1771 1910; x_wconf 87' lang='lat' dir='ltr'>sepulcro.</span> 
     </span>
    </p>

    <p class='ocr_par' dir='ltr' id='par_1_14' title="bbox 320 1925 1701 2000">
     <span class='ocr_line' id='line_1_20' title="bbox 320 1925 1701 2000; baseline 0.004 -21"><span class='ocrx_word' id='word_1_124' title='bbox 320 1925 442 1981; x_wconf 88' lang='lat' dir='ltr'>Duc</span> <span class='ocrx_word' id='word_1_125' title='bbox 468 1929 653 1998; x_wconf 77' lang='lat' dir='ltr'>nigras</span> <span class='ocrx_word' id='word_1_126' title='bbox 680 1929 948 2000; x_wconf 81' lang='lat' dir='ltr'>pecudes;</span> <span class='ocrx_word' id='word_1_127' title='bbox 990 1945 1055 1983; x_wconf 89' lang='lat' dir='ltr'>ea</span> <span class='ocrx_word' id='word_1_128' title='bbox 1078 1929 1257 1998; x_wconf 88' lang='lat' dir='ltr'>prima</span> <span class='ocrx_word' id='word_1_129' title='bbox 1281 1929 1499 1998; x_wconf 77' lang='lat' dir='ltr'>piacuia</span> <span class='ocrx_word' id='word_1_130' title='bbox 1522 1936 1701 1986; x_wconf 86' lang='lat' dir='ltr'>sunt0.</span> 
     </span>
    </p>

    <p class='ocr_par' dir='ltr' id='par_1_15' title="bbox 320 2014 1662 2089">
     <span class='ocr_line' id='line_1_21' title="bbox 320 2014 1662 2089; baseline 0.002 -20"><span class='ocrx_word' id='word_1_131' title='bbox 320 2014 411 2070; x_wconf 89' lang='lat' dir='ltr'>Sic</span> <span class='ocrx_word' id='word_1_132' title='bbox 436 2016 657 2072; x_wconf 89' lang='lat' dir='ltr'>demum</span> <span class='ocrx_word' id='word_1_133' title='bbox 681 2017 835 2072; x_wconf 82' lang='lat' dir='ltr'>lucos</span> <span class='ocrx_word' id='word_1_134' title='bbox 862 2018 1047 2089; x_wconf 79' lang='lat' dir='ltr'>Styg-is</span> <span class='ocrx_word' id='word_1_135' title='bbox 1072 2024 1129 2074; x_wconf 84' lang='lat' dir='ltr'>et</span> <span class='ocrx_word' id='word_1_136' title='bbox 1152 2035 1323 2088; x_wconf 79' lang='lat' dir='ltr'>regna</span> <span class='ocrx_word' id='word_1_137' title='bbox 1346 2020 1499 2074; x_wconf 82' lang='lat' dir='ltr'>invia</span> <span class='ocrx_word' id='word_1_138' title='bbox 1521 2019 1662 2072; x_wconf 78' lang='lat' dir='ltr'>vivis</span> 
     </span>
    </p>

    <p class='ocr_par' dir='ltr' id='par_1_16' title="bbox 319 2105 1640 2249">
     <span class='ocr_line' id='line_1_22' title="bbox 319 2105 1640 2178; baseline 0.001 -19"><span class='ocrx_word' id='word_1_139' title='bbox 319 2105 627 2174; x_wconf 84' lang='lat' dir='ltr'>Aspicies.”</span> <span class='ocrx_word' id='word_1_140' title='bbox 696 2107 869 2176; x_wconf 83' lang='lat' dir='ltr'>Dixit,</span> <span class='ocrx_word' id='word_1_141' title='bbox 898 2123 1197 2178; x_wconf 87' lang='lat' dir='ltr'>pressoque</span> <span class='ocrx_word' id='word_1_142' title='bbox 1224 2107 1502 2160; x_wconf 87' lang='lat' dir='ltr'>obmutuit</span> <span class='ocrx_word' id='word_1_143' title='bbox 1527 2121 1640 2160; x_wconf 87' lang='lat' dir='ltr'>ore.</span> 
     </span>
     <span class='ocr_line' id='line_1_23' title="bbox 388 2191 1494 2249; baseline 0.001 -4"><span class='ocrx_word' id='word_1_144' title='bbox 388 2191 612 2246; x_wconf 86' lang='lat' dir='ltr'>Aeneas</span> <span class='ocrx_word' id='word_1_145' title='bbox 634 2202 843 2248; x_wconf 86' lang='lat' dir='ltr'>maesto</span> <span class='ocrx_word' id='word_1_146' title='bbox 868 2193 1081 2249; x_wconf 87' lang='lat' dir='ltr'>defixus</span> <span class='ocrx_word' id='word_1_147' title='bbox 1102 2193 1317 2248; x_wconf 85' lang='lat' dir='ltr'>lumina</span> <span class='ocrx_word' id='word_1_148' title='bbox 1342 2193 1494 2246; x_wconf 85' lang='lat' dir='ltr'>voltu</span> 
     </span>
    </p>

    <p class='ocr_par' dir='ltr' id='par_1_17' title="bbox 318 2276 1763 2422">
     <span class='ocr_line' id='line_1_24' title="bbox 320 2276 1763 2350; baseline 0 -18"><span class='ocrx_word' id='word_1_149' title='bbox 320 2277 651 2348; x_wconf 78' lang='lat' dir='ltr'>Ingreditur,</span> <span class='ocrx_word' id='word_1_150' title='bbox 682 2279 935 2350; x_wconf 84' lang='lat' dir='ltr'>linquens</span> <span class='ocrx_word' id='word_1_151' title='bbox 960 2285 1195 2349; x_wconf 82' lang='lat' dir='ltr'>antrum,</span> <span class='ocrx_word' id='word_1_152' title='bbox 1226 2295 1523 2348; x_wconf 86' lang='lat' dir='ltr'>caecosque</span> <span class='ocrx_word' id='word_1_153' title='bbox 1548 2276 1763 2332; x_wconf 78' lang='lat' dir='ltr'>volutat</span> 
     </span>
     <span class='ocr_line' id='line_1_25' title="bbox 318 2365 1619 2422; baseline -0.001 -3"><span class='ocrx_word' id='word_1_154' title='bbox 318 2365 567 2420; x_wconf 80' lang='lat' dir='ltr'>Eventus</span> <span class='ocrx_word' id='word_1_155' title='bbox 592 2367 778 2422; x_wconf 86' lang='lat' dir='ltr'>auimo</span> <span class='ocrx_word' id='word_1_156' title='bbox 802 2382 1003 2422; x_wconf 87' lang='lat' dir='ltr'>secum.</span> <span class='ocrx_word' id='word_1_157' title='bbox 1078 2366 1183 2421; x_wconf 80' lang='lat' dir='ltr'>Oui</span> <span class='ocrx_word' id='word_1_158' title='bbox 1206 2365 1350 2420; x_wconf 84' lang='lat' dir='ltr'>fidus</span> <span class='ocrx_word' id='word_1_159' title='bbox 1377 2365 1619 2419; x_wconf 87' lang='lat' dir='ltr'>Achates</span> 
     </span>
    </p>

    <p class='ocr_par' dir='ltr' id='par_1_18' title="bbox 244 2439 1515 2523">
     <span class='ocr_line' id='line_1_26' title="bbox 244 2439 1515 2523; baseline 0.002 -19"><span class='ocrx_word' id='word_1_160' title='bbox 244 2439 251 2446; x_wconf 24' lang='grc' dir='ltr'><strong>Δ</strong></span> <span class='ocrx_word' id='word_1_161' title='bbox 320 2451 373 2505; x_wconf 85' lang='lat' dir='ltr'>It</span> <span class='ocrx_word' id='word_1_162' title='bbox 397 2469 593 2518; x_wconf 87' lang='lat' dir='ltr'>comes,</span> <span class='ocrx_word' id='word_1_163' title='bbox 622 2458 679 2507; x_wconf 90' lang='lat' dir='ltr'>et</span> <span class='ocrx_word' id='word_1_164' title='bbox 702 2453 929 2523; x_wconf 85' lang='lat' dir='ltr'>paribus</span> <span class='ocrx_word' id='word_1_165' title='bbox 954 2452 1101 2507; x_wconf 87' lang='lat' dir='ltr'>curis</span> <span class='ocrx_word' id='word_1_166' title='bbox 1124 2451 1358 2522; x_wconf 81' lang='lat' dir='ltr'>vestigia</span> <span class='ocrx_word' id='word_1_167' title='bbox 1379 2451 1515 2521; x_wconf 84' lang='lat' dir='ltr'>figit.</span> 
     </span>
    </p>

    <p class='ocr_par' dir='ltr' id='par_1_19' title="bbox 317 2537 1558 2607">
     <span class='ocr_line' id='line_1_27' title="bbox 317 2537 1558 2607; baseline 0 -15"><span class='ocrx_word' id='word_1_168' title='bbox 317 2537 495 2593; x_wconf 79' lang='lat' dir='ltr'>Multa</span> <span class='ocrx_word' id='word_1_169' title='bbox 517 2539 663 2594; x_wconf 85' lang='lat' dir='ltr'>inter</span> <span class='ocrx_word' id='word_1_170' title='bbox 688 2555 805 2594; x_wconf 88' lang='lat' dir='ltr'>sese</span> <span class='ocrx_word' id='word_1_171' title='bbox 832 2539 988 2593; x_wconf 81' lang='lat' dir='ltr'>vario</span> <span class='ocrx_word' id='word_1_172' title='bbox 1012 2555 1262 2593; x_wconf 82' lang='lat' dir='ltr'>sermone</span> <span class='ocrx_word' id='word_1_173' title='bbox 1287 2539 1558 2607; x_wconf 80' lang='lat' dir='ltr'>serebant,</span> 
     </span>
    </p>

    <p class='ocr_par' dir='ltr' id='par_1_20' title="bbox 320 2623 2030 2694">
     <span class='ocr_line' id='line_1_28' title="bbox 320 2623 2030 2694; baseline -0.002 -15"><span class='ocrx_word' id='word_1_174' title='bbox 320 2623 495 2690; x_wconf 84' lang='lat' dir='ltr'>Quem</span> <span class='ocrx_word' id='word_1_175' title='bbox 522 2626 729 2681; x_wconf 86' lang='lat' dir='ltr'>socium</span> <span class='ocrx_word' id='word_1_176' title='bbox 756 2625 1063 2680; x_wconf 86' lang='lat' dir='ltr'>exanimem</span> <span class='ocrx_word' id='word_1_177' title='bbox 1092 2630 1262 2692; x_wconf 84' lang='lat' dir='ltr'>vates,</span> <span class='ocrx_word' id='word_1_178' title='bbox 1292 2623 1440 2694; x_wconf 87' lang='lat' dir='ltr'>quod</span> <span class='ocrx_word' id='word_1_179' title='bbox 1466 2641 1664 2694; x_wconf 82' lang='lat' dir='ltr'>corpus</span> <span class='ocrx_word' id='word_1_180' title='bbox 1690 2623 2030 2678; x_wconf 83' lang='lat' dir='ltr'>humandum</span> 
     </span>
    </p>

    <p class='ocr_par' dir='ltr' id='par_1_21' title="bbox 317 2710 1675 2783">
     <span class='ocr_line' id='line_1_29' title="bbox 317 2710 1675 2783; baseline 0.001 -19"><span class='ocrx_word' id='word_1_181' title='bbox 317 2710 557 2768; x_wconf 78' lang='lat' dir='ltr'>Diceret.</span> <span class='ocrx_word' id='word_1_182' title='bbox 625 2713 811 2783; x_wconf 83' lang='lat' dir='ltr'>Atque</span> <span class='ocrx_word' id='word_1_183' title='bbox 833 2711 917 2766; x_wconf 91' lang='lat' dir='ltr'>illi</span> <span class='ocrx_word' id='word_1_184' title='bbox 942 2711 1215 2766; x_wconf 83' lang='lat' dir='ltr'>Misenum</span> <span class='ocrx_word' id='word_1_185' title='bbox 1240 2710 1298 2764; x_wconf 89' lang='lat' dir='ltr'>in</span> <span class='ocrx_word' id='word_1_186' title='bbox 1323 2711 1487 2765; x_wconf 84' lang='lat' dir='ltr'>litore</span> <span class='ocrx_word' id='word_1_187' title='bbox 1515 2711 1675 2778; x_wconf 82' lang='lat' dir='ltr'>siccO,</span> 
     </span>
    </p>

    <p class='ocr_par' dir='ltr' id='par_1_22' title="bbox 318 2797 1699 2868">
     <span class='ocr_line' id='line_1_30' title="bbox 318 2797 1699 2868; baseline 0.001 -16"><span class='ocrx_word' id='word_1_188' title='bbox 318 2797 398 2853; x_wconf 82' lang='lat' dir='ltr'>Ut</span> <span class='ocrx_word' id='word_1_189' title='bbox 419 2817 635 2868; x_wconf 76' lang='lat' dir='ltr'>venere,</span> <span class='ocrx_word' id='word_1_190' title='bbox 660 2800 852 2855; x_wconf 75' lang='lat' dir='ltr'>vident</span> <span class='ocrx_word' id='word_1_191' title='bbox 876 2800 1105 2868; x_wconf 81' lang='lat' dir='ltr'>indigna</span> <span class='ocrx_word' id='word_1_192' title='bbox 1128 2803 1307 2853; x_wconf 86' lang='lat' dir='ltr'>morte</span> <span class='ocrx_word' id='word_1_193' title='bbox 1334 2803 1699 2868; x_wconf 84' lang='lat' dir='ltr'>peremptum,</span> 
     </span>
    </p>

    <p class='ocr_par' dir='ltr' id='par_1_23' title="bbox 316 2884 1743 2958">
     <span class='ocr_line' id='line_1_31' title="bbox 316 2884 1743 2958; baseline 0.001 -20"><span class='ocrx_word' id='word_1_194' title='bbox 316 2884 587 2941; x_wconf 82' lang='lat' dir='ltr'>Misenum</span> <span class='ocrx_word' id='word_1_195' title='bbox 614 2887 903 2956; x_wconf 85' lang='lat' dir='ltr'>Aeoliden,</span> <span class='ocrx_word' id='word_1_196' title='bbox 934 2903 1043 2958; x_wconf 89' lang='lat' dir='ltr'>quo</span> <span class='ocrx_word' id='word_1_197' title='bbox 1068 2903 1181 2941; x_wconf 90' lang='lat' dir='ltr'>non</span> <span class='ocrx_word' id='word_1_198' title='bbox 1206 2887 1578 2956; x_wconf 80' lang='lat' dir='ltr'>praestantior</span> <span class='ocrx_word' id='word_1_199' title='bbox 1602 2885 1743 2940; x_wconf 84' lang='lat' dir='ltr'>alter</span> 
     </span>
    </p>

    <p class='ocr_par' dir='ltr' id='par_1_24' title="bbox 321 2971 1730 3043">
     <span class='ocr_line' id='line_1_32' title="bbox 321 2971 1730 3043; baseline 0.001 -18"><span class='ocrx_word' id='word_1_200' title='bbox 321 2971 465 3027; x_wconf 80' lang='lat' dir='ltr'>Aere</span> <span class='ocrx_word' id='word_1_201' title='bbox 490 2974 636 3027; x_wconf 83' lang='lat' dir='ltr'>ciere</span> <span class='ocrx_word' id='word_1_202' title='bbox 661 2974 827 3043; x_wconf 80' lang='lat' dir='ltr'>viros,</span> <span class='ocrx_word' id='word_1_203' title='bbox 855 2973 1201 3043; x_wconf 85' lang='lat' dir='ltr'>Martemque</span> <span class='ocrx_word' id='word_1_204' title='bbox 1228 2973 1524 3027; x_wconf 78' lang='lat' dir='ltr'>accendere</span> <span class='ocrx_word' id='word_1_205' title='bbox 1549 2977 1730 3026; x_wconf 87' lang='lat' dir='ltr'>cantu.</span> 
     </span>
    </p>

    <p class='ocr_par' dir='ltr' id='par_1_25' title="bbox 320 3055 1831 3129">
     <span class='ocr_line' id='line_1_33' title="bbox 320 3055 1831 3129; baseline 0.001 -19"><span class='ocrx_word' id='word_1_206' title='bbox 320 3055 573 3114; x_wconf 85' lang='lat' dir='ltr'>Hectoris</span> <span class='ocrx_word' id='word_1_207' title='bbox 594 3059 689 3114; x_wconf 86' lang='lat' dir='ltr'>hic</span> <span class='ocrx_word' id='word_1_208' title='bbox 712 3061 897 3129; x_wconf 80' lang='lat' dir='ltr'>magni</span> <span class='ocrx_word' id='word_1_209' title='bbox 922 3062 1103 3115; x_wconf 82' lang='lat' dir='ltr'>fuerat</span> <span class='ocrx_word' id='word_1_210' title='bbox 1128 3077 1329 3127; x_wconf 75' lang='lat' dir='ltr'>comeS,</span> <span class='ocrx_word' id='word_1_211' title='bbox 1360 3059 1603 3113; x_wconf 81' lang='lat' dir='ltr'>Hectora</span> <span class='ocrx_word' id='word_1_212' title='bbox 1629 3062 1831 3112; x_wconf 85' lang='lat' dir='ltr'>circum</span> 
     </span>
    </p>

    <p class='ocr_par' dir='ltr' id='par_1_26' title="bbox 318 3141 1538 3215">
     <span class='ocr_line' id='line_1_34' title="bbox 318 3141 1538 3215; baseline 0.003 -19"><span class='ocrx_word' id='word_1_213' title='bbox 318 3141 393 3196; x_wconf 86' lang='lat' dir='ltr'>Et</span> <span class='ocrx_word' id='word_1_214' title='bbox 417 3143 554 3198; x_wconf 87' lang='lat' dir='ltr'>lituo</span> <span class='ocrx_word' id='word_1_215' title='bbox 578 3161 794 3215; x_wconf 84' lang='lat' dir='ltr'>pugnas</span> <span class='ocrx_word' id='word_1_216' title='bbox 816 3146 1047 3215; x_wconf 81' lang='lat' dir='ltr'>insignis</span> <span class='ocrx_word' id='word_1_217' title='bbox 1072 3145 1261 3200; x_wconf 87' lang='lat' dir='ltr'>obibat</span> <span class='ocrx_word' id='word_1_218' title='bbox 1286 3151 1341 3199; x_wconf 80' lang='lat' dir='ltr'>et</span> <span class='ocrx_word' id='word_1_219' title='bbox 1366 3145 1538 3200; x_wconf 69' lang='lat' dir='ltr'>hasta.</span> 
     </span>
    </p>

    <p class='ocr_par' dir='ltr' id='par_1_27' title="bbox 317 3228 1713 3300">
     <span class='ocr_line' id='line_1_35' title="bbox 317 3228 1713 3300; baseline 0.003 -19"><span class='ocrx_word' id='word_1_220' title='bbox 317 3228 611 3300; x_wconf 84' lang='lat' dir='ltr'>Postquam</span> <span class='ocrx_word' id='word_1_221' title='bbox 640 3232 792 3285; x_wconf 89' lang='lat' dir='ltr'>illum</span> <span class='ocrx_word' id='word_1_222' title='bbox 819 3232 935 3287; x_wconf 85' lang='lat' dir='ltr'>vita</span> <span class='ocrx_word' id='word_1_223' title='bbox 958 3231 1139 3286; x_wconf 80' lang='lat' dir='ltr'>victor</span> <span class='ocrx_word' id='word_1_224' title='bbox 1172 3231 1428 3300; x_wconf 79' lang='lat' dir='ltr'>spoliavit</span> <span class='ocrx_word' id='word_1_225' title='bbox 1455 3231 1713 3298; x_wconf 81' lang='lat' dir='ltr'>Achilles,</span> 
     </span>
    </p>

    <p class='ocr_par' dir='ltr' id='par_1_28' title="bbox 317 3314 1535 3373">
     <span class='ocr_line' id='line_1_36' title="bbox 317 3314 1535 3373; baseline 0.002 -5"><span class='ocrx_word' id='word_1_226' title='bbox 317 3314 597 3372; x_wconf 81' lang='lat' dir='ltr'>Dardanio</span> <span class='ocrx_word' id='word_1_227' title='bbox 624 3317 846 3373; x_wconf 85' lang='lat' dir='ltr'>Aeneae</span> <span class='ocrx_word' id='word_1_228' title='bbox 872 3335 989 3372; x_wconf 87' lang='lat' dir='ltr'>sese</span> <span class='ocrx_word' id='word_1_229' title='bbox 1016 3318 1347 3372; x_wconf 76' lang='lat' dir='ltr'>fortissimus</span> <span class='ocrx_word' id='word_1_230' title='bbox 1371 3318 1535 3372; x_wconf 83' lang='lat' dir='ltr'>heros</span> 
     </span>
    </p>

    <p class='ocr_par' dir='ltr' id='par_1_29' title="bbox 320 3401 1570 3474">
     <span class='ocr_line' id='line_1_37' title="bbox 320 3401 1570 3474; baseline 0.002 -19"><span class='ocrx_word' id='word_1_231' title='bbox 320 3401 627 3458; x_wconf 87' lang='lat' dir='ltr'>Addiderat</span> <span class='ocrx_word' id='word_1_232' title='bbox 650 3405 873 3474; x_wconf 88' lang='lat' dir='ltr'>socium,</span> <span class='ocrx_word' id='word_1_233' title='bbox 904 3421 1011 3457; x_wconf 90' lang='lat' dir='ltr'>non</span> <span class='ocrx_word' id='word_1_234' title='bbox 1038 3404 1309 3459; x_wconf 77' lang='lat' dir='ltr'>inferiora</span> <span class='ocrx_word' id='word_1_235' title='bbox 1334 3409 1570 3458; x_wconf 80' lang='lat' dir='ltr'>secutus.</span> 
     </span>
    </p>

    <p class='ocr_par' dir='ltr' id='par_1_30' title="bbox 316 3486 1876 3560">
     <span class='ocr_line' id='line_1_38' title="bbox 316 3486 1876 3560; baseline 0 -19"><span class='ocrx_word' id='word_1_236' title='bbox 316 3486 425 3542; x_wconf 78' lang='lat' dir='ltr'>Sed</span> <span class='ocrx_word' id='word_1_237' title='bbox 449 3492 582 3558; x_wconf 86' lang='lat' dir='ltr'>tum,</span> <span class='ocrx_word' id='word_1_238' title='bbox 611 3489 757 3544; x_wconf 82' lang='lat' dir='ltr'>forte</span> <span class='ocrx_word' id='word_1_239' title='bbox 780 3507 915 3544; x_wconf 80' lang='lat' dir='ltr'>cava</span> <span class='ocrx_word' id='word_1_240' title='bbox 940 3489 1071 3543; x_wconf 90' lang='lat' dir='ltr'>dum</span> <span class='ocrx_word' id='word_1_241' title='bbox 1098 3497 1358 3559; x_wconf 83' lang='lat' dir='ltr'>personat</span> <span class='ocrx_word' id='word_1_242' title='bbox 1384 3506 1622 3560; x_wconf 84' lang='lat' dir='ltr'>aequora</span> <span class='ocrx_word' id='word_1_243' title='bbox 1647 3487 1876 3548; x_wconf 75' lang='lat' dir='ltr'>concha,</span> 
     </span>
    </p>
   </div>
   <div class='ocr_carea' id='block_1_4' title="bbox 2252 363 2350 414">
    <p class='ocr_par' dir='ltr' id='par_1_31' title="bbox 2252 363 2350 414">
     <span class='ocr_line' id='line_1_39' title="bbox 2252 363 2350 414; baseline -0.01 0"><span class='ocrx_word' id='word_1_244' title='bbox 2252 363 2350 414; x_wconf 79' lang='lat'>135</span> 
     </span>
    </p>
   </div>
   <div class='ocr_carea' id='block_1_5' title="bbox 2251 796 2354 848">
    <p class='ocr_par' dir='ltr' id='par_1_32' title="bbox 2251 796 2354 848">
     <span class='ocr_line' id='line_1_40' title="bbox 2251 796 2354 848; baseline 0.01 -1"><span class='ocrx_word' id='word_1_245' title='bbox 2251 796 2354 848; x_wconf 84' lang='lat'>140</span> 
     </span>
    </p>
   </div>
   <div class='ocr_carea' id='block_1_6' title="bbox 2249 1229 2350 1282">
    <p class='ocr_par' dir='ltr' id='par_1_33' title="bbox 2249 1229 2350 1282">
     <span class='ocr_line' id='line_1_41' title="bbox 2249 1229 2350 1282; baseline -0.01 0"><span class='ocrx_word' id='word_1_246' title='bbox 2249 1229 2350 1282; x_wconf 85' lang='lat'>145</span> 
     </span>
    </p>
   </div>
   <div class='ocr_carea' id='block_1_7' title="bbox 2251 1671 2351 1724">
    <p class='ocr_par' dir='ltr' id='par_1_34' title="bbox 2251 1671 2351 1724">
     <span class='ocr_line' id='line_1_42' title="bbox 2251 1671 2351 1724; baseline 0 0"><span class='ocrx_word' id='word_1_247' title='bbox 2251 1671 2351 1724; x_wconf 81' lang='lat'>150</span> 
     </span>
    </p>
   </div>
   <div class='ocr_carea' id='block_1_8' title="bbox 2247 2103 2350 2157">
    <p class='ocr_par' dir='ltr' id='par_1_35' title="bbox 2247 2103 2350 2157">
     <span class='ocr_line' id='line_1_43' title="bbox 2247 2103 2350 2157; baseline 0.01 -1"><span class='ocrx_word' id='word_1_248' title='bbox 2247 2103 2350 2157; x_wconf 79' lang='lat'>155</span> 
     </span>
    </p>
   </div>
   <div class='ocr_carea' id='block_1_9' title="bbox 2249 2537 2350 2588">
    <p class='ocr_par' dir='ltr' id='par_1_36' title="bbox 2249 2537 2350 2588">
     <span class='ocr_line' id='line_1_44' title="bbox 2249 2537 2350 2588; baseline 0 0"><span class='ocrx_word' id='word_1_249' title='bbox 2249 2537 2350 2588; x_wconf 83' lang='lat'>160</span> 
     </span>
    </p>
   </div>
   <div class='ocr_carea' id='block_1_10' title="bbox 2247 2971 2350 3021">
    <p class='ocr_par' dir='ltr' id='par_1_37' title="bbox 2247 2971 2350 3021">
     <span class='ocr_line' id='line_1_45' title="bbox 2247 2971 2350 3021; baseline 0 0"><span class='ocrx_word' id='word_1_250' title='bbox 2247 2971 2350 3021; x_wconf 80' lang='lat'>165</span> 
     </span>
    </p>
   </div>
   <div class='ocr_carea' id='block_1_11' title="bbox 2247 3397 2350 3454">
    <p class='ocr_par' dir='ltr' id='par_1_38' title="bbox 2247 3397 2350 3454">
     <span class='ocr_line' id='line_1_46' title="bbox 2247 3397 2350 3454; baseline 0 -3"><span class='ocrx_word' id='word_1_251' title='bbox 2247 3397 2350 3454; x_wconf 71' lang='lat'>170</span> 
     </span>
    </p>
   </div>
  </div>
 </body>
</html>
