2725 3892
983 192 1258 245 vanem
1302 192 1633 245 muamus
1677 192 1738 243 X.

349 352 472 407 Hoc
495 353 718 409 virtutis
739 292 948 423 opus)
969 354 1164 409 Troiae
1187 356 1288 409 sub
1313 356 1605 411 moenibus
1630 354 1756 411 altis

347 438 455 494 Tot
477 441 628 509 gnati
653 441 904 497 cecidere
927 442 1094 496 deum
1113 462 1126 509 ς
1169 444 1304 511 quin
1327 442 1532 497 occidit
1558 458 1671 497 una

347 524 647 596 Sarpedon,
675 544 800 583 mea
824 518 1128 599 progenies.
1203 528 1387 584 Etiam
1414 546 1513 583 sua
1537 528 1785 583 Turnum

347 612 483 668 Fata
505 622 724 684 vocant,
753 624 1036 685 metasque
1061 617 1178 672 dati
1203 616 1461 687 pervenit
1488 616 1559 670 ad
1584 614 1763 685 σερίδ’

347 699 438 753 Sic
463 700 554 769 ait,
585 706 748 773 atque
773 702 965 757 oculos
993 702 1318 758 Rutulorum
1349 704 1509 758 reicit
1532 704 1697 757 arvis.

346 786 428 840 At
453 787 634 842 Pallas
659 790 870 868 maguis
895 791 1104 843 emittit
1129 789 1340 844 viribus
1363 790 1597 857 hastam,

349 862 674 944 Vaginaque
697 889 835 931 cava
857 876 1162 946 fulgentem
1189 876 1395 947 deripit
1420 882 1624 931 ensem.

345 960 450 1016 Illa
475 962 677 1031 volans,
707 965 883 1017 umeri
908 970 1142 1032 surgunt
1165 980 1274 1033 qua
1297 964 1541 1033 tegmina
1564 977 1793 1033 summa,

345 1046 564 1117 Incidit,
593 1056 773 1119 atque,
803 1051 950 1105 viam
977 1050 1139 1120 clipei
1165 1049 1357 1105 molita
1382 1067 1483 1120 per
1508 1068 1648 1119 oraS,

345 1133 588 1190 Tandem
613 1136 778 1203 etiam
803 1152 1006 1206 magno
1031 1138 1252 1191 strinxit
1276 1137 1346 1191 de
1365 1154 1605 1207 corpore
1627 1136 1813 1193 Turni.

345 1222 452 1276 Hic
477 1220 693 1277 Turnus
717 1225 864 1279 ferro
889 1224 1192 1294 praefixum
1218 1224 1390 1279 robur
1414 1232 1577 1279 acuto

344 1308 410 1363 In
435 1308 688 1364 Pallanta
711 1310 806 1364 diu
831 1310 1041 1365 librans
1063 1310 1207 1377 iacit,
1237 1316 1405 1380 atque
1429 1312 1509 1365 ita
1530 1310 1717 1365 satur:

347 1396 381 1426 ‘⁶
398 1397 613 1466 Aspice,
641 1410 772 1451 num
799 1415 958 1467 mage
981 1398 1052 1453 sit
1077 1404 1326 1453 nostrum
1353 1398 1697 1469 penetrabile
1722 1398 1951 1454 telum.''

344 1482 574 1538 Dixerat
595 1503 608 1548 ς
651 1489 709 1539 at
735 1484 985 1553 clipeum,
1013 1490 1102 1539 tot
1123 1485 1255 1539 ferri
1281 1492 1452 1559 terga,
1482 1488 1569 1539 tot
1592 1485 1751 1554 aeris,

344 1570 520 1635 Quem
544 1571 706 1639 pellis
729 1573 934 1627 totiens
957 1572 1124 1627 obeat
1147 1571 1489 1627 circumdata
1510 1572 1672 1639 tauri,

345 1658 603 1713 Vibranti
629 1658 870 1713 medium
896 1660 1077 1729 cuspis
1101 1646 1515 1713 transverberat
1538 1660 1669 1726 ictu,

341 1744 676 1815 Loricaeque
699 1762 884 1800 moras
907 1751 966 1800 et
989 1750 1185 1815 pectus
1209 1746 1457 1814 perforat
1480 1746 1691 1813 ingens.

343 1832 444 1885 Ille
469 1832 614 1901 rapit
637 1832 874 1886 calidum
899 1833 1108 1887 frustra
1129 1833 1201 1886 de
1227 1834 1453 1887 volnere
1476 1833 1680 1887 telum:

343 1918 468 1973 Una
491 1919 790 1987 eademque
815 1920 903 1974 via
927 1921 1150 1986 sanguis
1175 1920 1498 1990 animusque
1522 1926 1843 1991 sequuntur.

344 2004 565 2059 Corruit
589 2005 644 2058 in
673 2004 900 2071 volnmu
941 2006 1182 2059 sonitum
1209 2022 1375 2074 super
1400 2022 1553 2059 arma
1576 2006 1813 2073 dcdere;

341 2092 414 2147 Et
439 2098 644 2147 terram
669 2092 922 2147 hostilem
949 2094 1189 2147 moriens
1216 2094 1356 2162 petit
1380 2110 1477 2147 ore
1502 2100 1749 2149 cruento.

327 2182 521 2294 ‘finem
547 2180 764 2234 Turnus
787 2196 950 2250 super
975 2180 1276 2235 adsistens:

365 2270 378 2293 ‘
395 2266 656 2331 Arcades,
686 2266 836 2332 haec,
865 2267 1058 2337 inquit,
1087 2282 1360 2323 memores
1384 2284 1511 2322 mea
1535 2268 1683 2322 dicta
1708 2268 1911 2322 referte

341 2352 640 2408 Euandro:
682 2352 912 2419 Qualem
937 2355 1156 2423 meruit,
1185 2354 1437 2409 Pallanta
1462 2356 1704 2410 remitto.

341 2440 600 2510 Quisquis
625 2440 802 2495 honos
826 2440 1040 2508 tumuli,
1069 2441 1334 2512 quidquid
1353 2442 1603 2496 solamen
1626 2438 1892 2494 humandi
1917 2446 2015 2505 est,

339 2526 584 2596 Largior.
661 2526 825 2581 Haud
849 2527 930 2581 illi
955 2529 1181 2583 stabunt
1207 2529 1421 2583 Aeneia
1442 2544 1615 2596 parvo

341 2614 652 2683 Hospitia.'’
723 2614 796 2667 Et
821 2614 980 2669 laevo
1005 2615 1206 2683 pressit
1229 2615 1383 2685 pede.
1410 2614 1547 2669 talia
1572 2615 1733 2678 fatus,

339 2700 682 2769 Exanimem,
713 2700 930 2771 rapiens
955 2703 1218 2755 immania
1242 2700 1491 2771 pondera
1514 2699 1695 2767 baltei,

339 2788 782 2858 Impressumque
807 2788 986 2843 nefas:
1027 2772 1144 2843 nuti
1163 2788 1264 2842 sub
1287 2796 1453 2841 nocte
1476 2786 1643 2855 iugali

338 2876 511 2931 ansa
533 2892 732 2929 manus
756 2877 1017 2930 iuvenum
1041 2874 1223 2941 foede,
1253 2872 1596 2941 thalamique
1620 2871 1835 2927 cruenti
1858 2888 1872 2935 ς

339 2962 494 3029 Quae
519 2962 725 3016 Clonus
749 2960 1045 3028 Eurytides
1069 2960 1244 3014 multo
1267 2959 1577 3013 caelaverat
1602 2974 1769 3025 auro;

338 3050 462 3117 Quo
489 3066 634 3103 nunc
659 3050 875 3103 Turnus
900 3056 1030 3102 ovat
1055 3046 1230 3115 spolio
1255 3046 1565 3115 gaudetque
1588 3048 1815 3115 potitus.

337 3136 538 3193 Nescia
563 3152 717 3189 mens
743 3135 1028 3188 hominum
1053 3134 1154 3187 fati
1181 3134 1453 3203 sortisque
1474 3133 1713 3201 futurae,

335 3224 408 3277 Et
433 3240 650 3277 servare
677 3221 918 3286 modum,
947 3220 1112 3273 rebus
1135 3208 1352 3275 sublata
1374 3220 1659 3275 secundis!

335 3310 520 3364 Turno
545 3320 762 3377 tempus
787 3308 908 3371 erit,
937 3324 1139 3376 magno
1161 3324 1285 3361 cum
1312 3308 1589 3377 optaverit
1612 3312 1859 3377 emptum
1960 3350 1970 3359 .
2014 3322 2047 3339 ”
2088 3306 2101 3314 “

335 3396 611 3451 Intactum
641 3393 908 3463 Pallanta,
940 3402 998 3448 et
1023 3410 1146 3449 cum
1173 3394 1354 3464 spolia
1376 3396 1485 3450 ista
1508 3394 1763 3465 diemque

335 3482 544 3534 Oderit.
623 3484 704 3535 At
727 3482 858 3535 socii
885 3480 1062 3535 multo
1085 3483 1294 3550 gemitu
1316 3482 1670 3551 lacrimisque

2276 444 2385 499 470

2269 2182 2377 2235 490

2268 2616 2375 2669 495

2266 3048 2373 3099 500

2264 3481 2371 3533 505
