2725 3892
1027 222 1304 273 VERGILI
1349 222 1609 275 ECLOGA
1651 224 1714 277 V.

350 380 606 438 Pastores
618 382 904 437 -mandat
925 382 1046 437 fieri
1075 382 1179 436 sibi
1205 383 1340 437 talia
1362 376 1688 455 Daphnis—

349 468 423 523 Et
447 470 718 523 tumulum
743 470 927 537 facite,
956 474 1014 524 et
1035 469 1252 524 tumulo
1275 472 1631 540 superaddite
1655 489 1909 529 carmen:

350 556 386 585 ‘⁶
404 553 656 625 Daphnis
681 572 783 623 ego
807 557 862 610 in
891 556 1056 625 silvis,
1085 556 1214 611 hine
1239 574 1411 626 usque
1436 558 1505 613 ad
1530 558 1711 613 sidera
1731 565 1915 627 notus,

347 641 598 696 Formosi
623 644 839 711 peeoris
865 648 1065 711 eustos,
1095 643 1391 697 formosior
1417 644 1591 713 ipse.”

417 726 567 782 Man.
606 727 736 781 Tale
761 734 918 782 tuum
943 744 1160 783 carmen
1186 728 1363 798 nobis,
1392 729 1581 783 divine
1604 736 1787 799 poeta,

349 814 524 881 Quale
549 830 714 884 sopor
737 816 900 869 fessis
923 815 984 868 in
1009 814 1272 885 gramine,
1303 814 1463 885 quale
1490 832 1587 885 per
1612 827 1826 872 aestum

345 899 537 954 Dulcis
561 918 733 971 aquae
757 902 988 957 saliente
1013 901 1163 956 sitim
1189 902 1533 972 restinguere
1558 904 1715 972 τίνος

347 984 466 1041 Nee
490 987 712 1041 calamis
737 989 916 1042 solum
941 990 1277 1058 aequiparas,
1307 988 1405 1043 sed
1430 1006 1569 1044 voce
1590 993 1933 1069 magistrum.

344 1072 650 1129 Fortunate
674 1092 826 1145 puer,
857 1081 916 1129 tu
943 1076 1226 1131 nune¹eris
1251 1076 1397 1130 alter
1419 1077 1491 1132 ab
1514 1076 1628 1132 illo.

343 1160 464 1215 Nos
487 1170 674 1217 tamen
701 1162 835 1217 haee
859 1178 1204 1233 quocumque
1227 1163 1402 1217 modo
1426 1164 1529 1219 tibi
1550 1171 1745 1221 nostra
1768 1166 2007 1222 vicissim

343 1247 618 1317 Dicemus,
647 1248 1040 1319 Daphnimque
1063 1256 1222 1304 tuum
1245 1250 1507 1305 tollemus
1531 1251 1596 1305 ad
1624 1258 1805 1318 astra3
2016 1238 2024 1246 '

342 1334 605 1405 Daphnin
633 1336 704 1389 ad
729 1342 877 1391 astra
901 1337 1170 1391 feremus:
1213 1337 1421 1391 amavit
1446 1354 1548 1391 nos
1572 1354 1789 1407 quoque
1815 1338 2084 1408 Daphnis.

343 1422 491 1477 Mor.
533 1422 626 1477 An
651 1425 942 1494 quiequam
967 1425 1130 1479 nobis
1153 1424 1252 1479 tali
1279 1424 1350 1479 sit
1375 1440 1604 1479 munere
1640 1427 1854 1498 maius?

343 1508 415 1562 Et
440 1526 577 1580 puer
601 1511 718 1580 ipse
743 1512 847 1565 fuit
871 1514 1084 1567 eantari
1109 1512 1324 1582 dignus,
1353 1517 1411 1567 et
1435 1514 1543 1567 ista

344 1595 458 1650 Iam
484 1597 696 1665 pridem
725 1596 996 1653 Stimicon
1020 1599 1270 1655 laudavit
1295 1600 1541 1653 earmina
1565 1598 1739 1655 nobis·

414 1680 563 1737 ΜΕΝ.
605 1683 886 1739 Candidus
908 1685 1186 1740 insuetum
1213 1685 1448 1738 miratur
1470 1684 1639 1739 limen
1666 1682 1889 1753 Olympi

343 1769 455 1822 Sub
479 1770 819 1840 pedibusque
843 1771 997 1826 videt
1020 1773 1194 1825 nubes
1219 1776 1278 1824 et
1301 1770 1483 1826 sidera
1506 1770 1775 1859 Daphnis.

341 1855 487 1924 Ergo
511 1854 706 1912 alacris
731 1859 896 1914 silvas
921 1865 979 1912 et
1003 1864 1189 1912 cetera
1211 1873 1344 1928 rura
1368 1856 1623 1925 voluptas

341 1942 602 2013 Panaque
626 1951 980 2015 pastoresque
1003 1950 1160 1999 tenet
1183 1920 1543 2013 Dryadasque
1564 1943 1810 2014 puellas·
1796 1984 1811 2012 ‚

341 2028 460 2085 Nee
482 2030 646 2101 lupus
667 2032 893 2087 insidias
916 2032 1120 2101 penori,
1147 2046 1252 2085 nee
1273 2030 1417 2086 retia
1442 2032 1623 2085 eervis

341 2115 466 2171 Ulla
489 2117 674 2172 dolum
703 2120 1072 2187 meditantur,
1058 2138 1070 2150 ·
1113 2124 1265 2174 amat
1287 2110 1469 2172 bonus
1494 2118 1607 2172 otia
1632 2117 1901 2191 Daphnis.

339 2200 450 2271 Ipsi
475 2202 685 2259 laetitia
707 2220 874 2261 voees
898 2206 978 2260 ad
993 2205 1173 2261 sidera
1196 2208 1408 2260 iactant

339 2286 554 2343 Intonsi
579 2296 828 2358 montes;
869 2292 1021 2361 ipsae
1045 2292 1154 2345 iam
1183 2292 1427 2346 earmina
1453 2307 1634 2359 rupes,

337 2373 466 2443 Ipsa
489 2383 689 2431 sonant
712 2378 967 2431 arbusta.
1011 2378 1046 2406 “
1033 2377 1224 2443 ‘Deus‚
1245 2377 1381 2430 deus
1404 2376 1513 2445 ille,
1541 2375 1821 2429 Menalca!
1850 2373 1915 2421 ’ἱ

337 2460 425 2515 Sis
451 2462 627 2516 bonus
650 2480 685 2516 o
710 2464 952 2531 felixque
977 2463 1120 2516 tuis!
1163 2480 1234 2517 en
1261 2466 1525 2532 quattuor
1550 2478 1705 2516 aras:

335 2548 478 2603 Eoee
503 2548 637 2603 duas
661 2548 780 2619 tibi,
811 2548 1052 2618 Daphni,'
1078 2550 1216 2604 duas
1241 2548 1438 2603 altaria
1462 2548 1704 2603 Phoebe.

336 2634 542 2691 Pocula
565 2636 696 2690 bina
718 2652 871 2690 novo
894 2636 1205 2706 spumantia
1227 2636 1373 2690 laete
1398 2636 1740 2705 quotannis.

337 2722 700 2792 craterasque
725 2722 862 2777 duos
887 2727 1124 2777 statuam
1151 2723 1256 2777 tibi
1283 2721 1507 2793 pinguis
1530 2722 1679 2792 olivi,

331 2809 407 2863 Et
431 2810 608 2865 multo
633 2810 693 2864 in
715 2810 909 2879 primis
935 2810 1177 2865 hilarans
1199 2810 1457 2865 convivia
1478 2809 1718 2879 Baeeho,

333 2896 486 2966 Ante
510 2898 716 2966 focum,
747 2897 791 2951 si
819 2898 990 2967 frigus
1015 2898 1138 2964 erit,
1167 2894 1216 2953 si
1238 2899 1448 2967 messis,
1477 2899 1535 2952 in
1560 2898 1770 2964 umbra,

334 2981 482 3038 Vina
503 3000 711 3039 novum
737 2984 970 3039 fundam
994 2984 1228 3039 calathis
1252 2985 1479 3039 Ariusia
1502 2984 1711 3040 neet'ar.

333 3070 650 3126 Cantabunt
674 3071 808 3125 mihi
833 3070 1134 3126 Damoetas
1157 3080 1213 3126 et
1238 3072 1467 3140 Lyctius
1490 3072 1720 3139 Aegon3

332 3156 595 3211 Saltantis
621 3158 850 3225 Satyros
875 3159 1184 3213 imitabitur
1211 3158 1632 3227 Alphesiboeus.

332 3242 485 3299 Haeo
509 3245 613 3298 tibi
639 3262 856 3314 semper
882 3251 1060 3313 erunt,
1091 3252 1148 3299 et
1171 3260 1298 3299 eum
1325 3244 1615 3299 sollemnia
1635 3247 1768 3298 vota

331 3329 646 3385 Reddemus
670 3331 962 3401 Nymphis,
993 3341 1050 3386 et
1075 3348 1198 3385 eum
1224 3332 1585 3405 lustrabimus
1606 3346 1784 3400 agros.

333 3414 476 3470 Dum
503 3419 632 3486 iuga
654 3419 861 3472 montis
885 3434 1031 3487 aper,
1061 3418 1257 3471 fluvios
1281 3418 1415 3471 dum
1436 3418 1602 3487 piscis
1626 3408 1866 3483 amabit,‘

330 3500 586 3571 Dumque
613 3503 807 3571 thymo
833 3509 1128 3573 pascentur
1152 3520 1297 3574 apes,
1325 3505 1458 3559 dum
1484 3520 1611 3559 rore
1636 3502 1871 3571 eieadae,

2318 1172 2388 1221 50

2312 1602 2381 1652 55

2312 2034 2383 2085 60

2308 2464 2429 2517 65·

2298 3326 2373 3388 *15
