2725 3892
1015 204 1290 255 VERGILI
1335 204 1667 255 mutuos
1712 204 1773 255 X.

373 370 428 425 N
429 385 540 424 unc
563 373 770 439 pereat,
799 367 1130 436 Teucrisque
1168 367 1260 435 pio
1286 366 1382 420 det
1407 366 1672 435 sanguine
1695 384 1917 437 poenes.

373 456 474 509 Ille
500 462 688 510 tamen
712 459 904 508 nostra
929 454 1150 507 deducit
1176 454 1387 521 origine
1412 470 1629 521 nomen,

373 542 766 611 Pilumnusque
791 541 873 595 illi
897 546 1126 610 quartus
1151 546 1310 609 pater
1331 559 1344 607 ;
1389 546 1446 593 et
1474 544 1571 593 tua
1594 526 1761 607 largi*

375 630 553 698 Saepe
578 645 746 682 manu
770 626 1066 695 multisque
1093 628 1345 681 oneravit
1368 627 1565 681 limina
1588 626 1801 681 donis,”
2314 632 2420 683 620

377 717 479 771 Oui
503 732 604 770 rex
629 715 862 769 aetherii
887 714 1134 768 breviter
1159 713 1238 767 sic
1267 714 1413 768 fatus
1438 713 1697 783 Olympi:

381 807 414 835 ‘⁶
435 804 493 857 Si
517 818 674 857 mora
698 802 1002 872 praesentis
1025 801 1120 854 leti
1147 806 1475 870 tempusque
1500 800 1709 855 caduco

379 890 588 945 Oratur
610 889 814 959 iuveni,
844 903 1040 957 meque
1065 887 1170 942 hoc
1195 889 1276 941 ita
1299 904 1507 957 ponere
1532 889 1715 957 sentis,

377 978 534 1032 Tolle
557 978 687 1046 fuga
711 976 956 1029 Turnum
986 980 1150 1044 atque
1175 974 1513 1029 instantibus
1536 976 1687 1045 eripe
1710 976 1855 1031 fatis.

377 1066 664 1120 Hactenus
687 1062 981 1116 indulsisse
1009 1068 1183 1116 vacat.
1261 1061 1360 1115 Sin
1388 1061 1552 1116 altior
1578 1062 1699 1117 istis
2312 1066 2418 1117 625

379 1152 492 1207 Sub
517 1149 774 1220 precibus
800 1150 964 1203 venia
989 1148 1100 1203 ulla
1123 1148 1274 1217 latet,
1301 1154 1591 1219 totumque
1616 1150 1825 1205 moveri

378 1240 653 1293 Mutarive
680 1242 842 1307 putas
867 1237 1089 1306 bellum,
1117 1254 1242 1307 spes
1268 1239 1449 1306 pascis
1472 1238 1707 1291 inanis.”

378 1327 452 1381 Et
477 1326 618 1379 Iuno
646 1324 1040 1379 adlaerimans:
1087 1326 1120 1353 “
1143 1324 1304 1391 Quid,
1333 1324 1397 1393 si,
1426 1340 1567 1393 quae
1594 1342 1728 1379 voce
1753 1326 2013 1394 gravaris,

381 1414 568 1469 Mente
593 1412 768 1480 dares,
797 1420 963 1481 atque
987 1410 1125 1465 haec
1149 1410 1336 1465 Turno
1359 1417 1483 1466 rata
1508 1412 1623 1466 vita
1646 1414 1933 1467 maneret?

380 1502 544 1557 Nunc
568 1504 757 1554 manet
782 1499 1057 1552 insontem
1081 1498 1266 1567 gravis
1289 1499 1504 1567 exitus3
1546 1504 1641 1553 aut
1666 1514 1768 1567 ego
1794 1500 1911 1553 veri
2313 1502 2420 1554 680

380 1593 544 1648 Vana
565 1593 735 1647 feror.
812 1588 976 1655 Quod
999 1594 1064 1642 ut
1089 1605 1124 1643 o
1147 1590 1332 1659 potius
1355 1588 1649 1643 formidine
1674 1588 1811 1642 falsa

379 1680 578 1747 Ludar,
609 1684 666 1733 et
690 1679 748 1731 in
775 1676 970 1730 melius
996 1682 1107 1745 tua,
1139 1677 1231 1745 qui
1257 1682 1433 1746 potes,
1463 1692 1590 1730 orsa
1612 1675 1894 1731 reflectas!
1916 1674 1949 1702 ’²

381 1768 534 1823 Haec
559 1766 653 1819 ubi
679 1764 828 1819 dicta
851 1764 1022 1836 dedit,
1051 1765 1205 1821 caelo
1229 1782 1288 1819 se
1312 1766 1565 1835 protinus
1588 1766 1702 1821 alto

380 1858 546 1926 Misit,
575 1874 741 1927 agens
765 1858 1002 1910 hiemem
1033 1855 1222 1909 nimbo
1247 1856 1529 1909 succincta
1552 1872 1653 1925 per
1678 1871 1855 1924 auras,

381 1946 712 2014 Iliacamque
737 1944 910 1998 aciem
941 1949 998 1997 et
1021 1942 1322 1999 Laurentia
1344 1950 1527 1999 castra
1550 1944 1765 2013 petivit.
2312 1942 2419 1994 685

380 2034 518 2087 Tum
545 2033 650 2087 dea
671 2033 818 2087 nube
845 2048 980 2086 cava
1001 2038 1226 2085 tenuem
1251 2032 1370 2086 sine
1394 2032 1605 2085 viribus
1630 2033 1882 2086 umbram

381 2122 446 2177 In
477 2122 666 2177 faciem
695 2121 1112 2176 Aeneae—visu
1137 2120 1388 2174 mirabile
1412 2125 1796 2174 monstrum-

383 2211 677 2267 Dardaniis
701 2218 862 2267 ornat
887 2212 1028 2281 telis,
1058 2212 1403 2280 clipeumque
1428 2210 1695 2281 iubasque

383 2296 572 2351 Divini
599 2300 896 2355 adsimulat
921 2300 1130 2369 capitis,
1161 2298 1257 2352 dat
1282 2298 1469 2351 inania
1492 2300 1678 2365 verba,

381 2383 494 2439 Dat
520 2385 636 2441 sine
660 2395 847 2441 mente
873 2404 1084 2454 sonum,
1113 2403 1440 2455 gressusque
1466 2385 1677 2453 effingit
1704 2384 1917 2439 euntis:
2316 2385 2423 2435 640

381 2470 563 2528 Morte
589 2474 743 2529 obita
769 2476 944 2544 qualis
967 2477 1120 2530 fama
1143 2482 1226 2529 est
1250 2475 1483 2529 volitare
1506 2474 1723 2541 figuras,

381 2561 502 2614 Aut
527 2576 666 2629 quae
691 2562 904 2629 sopitos
929 2560 1198 2616 deludunt
1222 2561 1435 2615 somnia
1460 2574 1666 2613 sensus.

385 2648 463 2701 At
487 2647 694 2717 primas
717 2648 864 2703 laeta
890 2655 1020 2704 ante
1045 2650 1190 2703 aeies
1215 2648 1455 2701 exsultat
1478 2646 1678 2713 image,

382 2738 694 2809 Inritatque
719 2739 898 2793 virum
925 2738 1050 2793 telis
1077 2742 1132 2791 et
1157 2754 1296 2791 voce
1318 2734 1553 2790 lacessit.

383 2826 564 2881 Instat
589 2826 678 2880 cui
701 2826 934 2895 Turnus,
965 2825 1399 2891 stridentemque
1424 2821 1639 2875 eminus
1672 2818 1890 2873 hastam
2319 2820 2423 2872 645

385 2914 636 2981 Oonicit3
677 2913 770 2968 illa
797 2912 928 2967 dato
953 2912 1124 2967 vertit
1149 2910 1385 2978 vestigia
1410 2914 1581 2977 tei-gc.

383 3000 519 3054 Tum
548 3018 682 3055 vero
713 3000 938 3055 Aenean
963 3000 1212 3054 aversum
1241 3003 1304 3050 ut
1327 2988 1526 3049 cedere
1548 2994 1765 3048 Turnus

386 3088 664 3153 Credidit,¹
681 3094 849 3157 atque
875 3088 1061 3141 animo
1087 3100 1239 3154 spem
1267 3082 1521 3137 turbidus
1545 3082 1730 3137 hausit
1753 3081 2009 3134 inanem:

389 3178 422 3205 “
443 3178 566 3242 Quo
593 3176 751 3244 fugis,
781 3174 1008 3228 Aenea?
1047 3172 1317 3227 thalamos
1342 3160 1423 3224 ne*
1440 3170 1629 3224 desere
1654 3174 1881 3238 pactos·‚

385 3262 506 3316 Hac
531 3263 754 3317 dabitur
777 3262 972 3315 dextra
996 3259 1160 3314 tellus
1185 3259 1437 3329 quaesita
1460 3274 1559 3326 per
1584 3255 1813 3310 undas.”
2320 3254 2427 3305 630

385 3347 536 3402 Talia
561 3350 874 3401 vociferans
899 3348 1162 3416 sequitur,
1191 3345 1555 3414 strictumque
1582 3348 1837 3416 coruscat

339 3434 740 3502 7Mucronem3
785 3450 888 3487 nec
912 3434 1056 3487 ferre
1083 3432 1235 3487 videt
1261 3450 1359 3487 sua
1387 3432 1589 3501 gaudia
1616 3435 1831 3485 ventos.

386 3518 554 3572 Forte
581 3521 717 3573 ratis
741 3520 870 3574 celsi
897 3520 1190 3575 coniuncta
1217 3521 1499 3590 crepidine
1533 3519 1649 3574 saxi
