<?xml version="1.0" encoding="UTF-8"?>
<!DOCTYPE html PUBLIC "-//W3C//DTD XHTML 1.0 Transitional//EN"
    "http://www.w3.org/TR/xhtml1/DTD/xhtml1-transitional.dtd">
<html xmlns="http://www.w3.org/1999/xhtml" xml:lang="en" lang="en">
 <head>
  <title>
</title>
<meta http-equiv="Content-Type" content="text/html;charset=utf-8" />
  <meta name='ocr-system' content='tesseract 3.04.00' />
  <meta name='ocr-capabilities' content='ocr_page ocr_carea ocr_par ocr_line ocrx_word'/>
</head>
<body>
  <div class='ocr_page' id='page_1' title='image "arevisedtextpoe01virggoog_0200.png"; bbox 0 0 2725 3892; ppageno 0'>
   <div class='ocr_carea' id='block_1_1' title="bbox 998 177 1781 232">
    <p class='ocr_par' dir='ltr' id='par_1_1' title="bbox 998 177 1781 232">
     <span class='ocr_line' id='line_1_1' title="bbox 998 177 1781 232; baseline 0.001 -2"><span class='ocrx_word' id='word_1_1' title='bbox 998 178 1274 230; x_wconf 67' lang='lat' dir='ltr'>vanem</span> <span class='ocrx_word' id='word_1_2' title='bbox 1315 177 1646 230; x_wconf 58' lang='lat' dir='ltr'>summos</span> <span class='ocrx_word' id='word_1_3' title='bbox 1690 177 1781 232; x_wconf 77' lang='lat' dir='ltr'>IV.</span> 
     </span>
    </p>
   </div>
   <div class='ocr_carea' id='block_1_2' title="bbox 372 340 2021 3540">
    <p class='ocr_par' dir='ltr' id='par_1_2' title="bbox 375 340 1987 1362">
     <span class='ocr_line' id='line_1_2' title="bbox 377 340 1529 411; baseline -0.006 -10"><span class='ocrx_word' id='word_1_4' title='bbox 377 343 820 401; x_wconf 70' lang='lat' dir='ltr'><strong>Laomedonteae</strong></span> <span class='ocrx_word' id='word_1_5' title='bbox 845 342 1018 396; x_wconf 84' lang='lat' dir='ltr'>sentis</span> <span class='ocrx_word' id='word_1_6' title='bbox 1039 341 1286 411; x_wconf 86' lang='lat' dir='ltr'>periuria</span> <span class='ocrx_word' id='word_1_7' title='bbox 1307 340 1529 409; x_wconf 68' lang='lat' dir='ltr'>gentis?</span> 
     </span>
     <span class='ocr_line' id='line_1_3' title="bbox 377 425 1851 497; baseline -0.005 -11"><span class='ocrx_word' id='word_1_8' title='bbox 377 431 524 497; x_wconf 81' lang='lat' dir='ltr'>Quid</span> <span class='ocrx_word' id='word_1_9' title='bbox 547 430 702 484; x_wconf 66' lang='lat' dir='ltr'>tum?</span> <span class='ocrx_word' id='word_1_10' title='bbox 741 429 860 484; x_wconf 89' lang='lat' dir='ltr'>sola</span> <span class='ocrx_word' id='word_1_11' title='bbox 883 429 1018 496; x_wconf 70' lang='lat' dir='ltr'>fuga</span> <span class='ocrx_word' id='word_1_12' title='bbox 1041 433 1237 481; x_wconf 86' lang='lat' dir='ltr'>nautas</span> <span class='ocrx_word' id='word_1_13' title='bbox 1261 426 1571 480; x_wconf 86' lang='lat' dir='ltr'>comitabor</span> <span class='ocrx_word' id='word_1_14' title='bbox 1594 425 1851 480; x_wconf 67' lang='lat' dir='ltr'>ovantis?</span> 
     </span>
     <span class='ocr_line' id='line_1_4' title="bbox 375 513 1654 585; baseline -0.005 -13"><span class='ocrx_word' id='word_1_15' title='bbox 375 519 469 572; x_wconf 87' lang='lat' dir='ltr'>An</span> <span class='ocrx_word' id='word_1_16' title='bbox 496 515 678 584; x_wconf 82' lang='lat' dir='ltr'>Tyriis</span> <span class='ocrx_word' id='word_1_17' title='bbox 702 515 959 585; x_wconf 87' lang='lat' dir='ltr'>omnique</span> <span class='ocrx_word' id='word_1_18' title='bbox 983 529 1147 568; x_wconf 84' lang='lat' dir='ltr'>manu</span> <span class='ocrx_word' id='word_1_19' title='bbox 1175 513 1383 582; x_wconf 83' lang='lat' dir='ltr'>stipata</span> <span class='ocrx_word' id='word_1_20' title='bbox 1402 529 1654 566; x_wconf 87' lang='lat' dir='ltr'>meorum</span> 
     </span>
     <span class='ocr_line' id='line_1_5' title="bbox 375 599 1632 671; baseline -0.005 -13"><span class='ocrx_word' id='word_1_21' title='bbox 375 604 604 670; x_wconf 75' lang='lat' dir='ltr'>Inferet,</span> <span class='ocrx_word' id='word_1_22' title='bbox 635 607 704 671; x_wconf 85' lang='lat' dir='ltr'>et,</span> <span class='ocrx_word' id='word_1_23' title='bbox 736 618 874 671; x_wconf 85' lang='lat' dir='ltr'>quos</span> <span class='ocrx_word' id='word_1_24' title='bbox 898 600 1126 654; x_wconf 87' lang='lat' dir='ltr'>Sidonia</span> <span class='ocrx_word' id='word_1_25' title='bbox 1147 600 1240 652; x_wconf 84' lang='lat' dir='ltr'>vix</span> <span class='ocrx_word' id='word_1_26' title='bbox 1266 599 1403 654; x_wconf 87' lang='lat' dir='ltr'>urbe</span> <span class='ocrx_word' id='word_1_27' title='bbox 1425 599 1632 664; x_wconf 77' lang='lat' dir='ltr'>revelli,</span> 
     </span>
     <span class='ocr_line' id='line_1_6' title="bbox 376 685 1864 758; baseline -0.005 -14"><span class='ocrx_word' id='word_1_28' title='bbox 376 689 588 745; x_wconf 80' lang='lat' dir='ltr'>Rursus</span> <span class='ocrx_word' id='word_1_29' title='bbox 613 705 770 758; x_wconf 81' lang='lat' dir='ltr'>agam</span> <span class='ocrx_word' id='word_1_30' title='bbox 795 687 1009 757; x_wconf 84' lang='lat' dir='ltr'>pelago,</span> <span class='ocrx_word' id='word_1_31' title='bbox 1038 692 1096 741; x_wconf 89' lang='lat' dir='ltr'>et</span> <span class='ocrx_word' id='word_1_32' title='bbox 1120 687 1302 740; x_wconf 86' lang='lat' dir='ltr'>ventis</span> <span class='ocrx_word' id='word_1_33' title='bbox 1323 685 1459 740; x_wconf 83' lang='lat' dir='ltr'>dare</span> <span class='ocrx_word' id='word_1_34' title='bbox 1482 685 1605 740; x_wconf 83' lang='lat' dir='ltr'>vela</span> <span class='ocrx_word' id='word_1_35' title='bbox 1628 685 1864 740; x_wconf 70' lang='lat' dir='ltr'>iubebo?</span> 
     </span>
     <span class='ocr_line' id='line_1_7' title="bbox 377 769 1987 841; baseline -0.002 -13"><span class='ocrx_word' id='word_1_36' title='bbox 377 776 527 841; x_wconf 84' lang='lat' dir='ltr'>Quin</span> <span class='ocrx_word' id='word_1_37' title='bbox 549 790 782 838; x_wconf 79' lang='lat' dir='ltr'>morere,</span> <span class='ocrx_word' id='word_1_38' title='bbox 810 780 875 827; x_wconf 90' lang='lat' dir='ltr'>ut</span> <span class='ocrx_word' id='word_1_39' title='bbox 897 773 1100 826; x_wconf 87' lang='lat' dir='ltr'>merita</span> <span class='ocrx_word' id='word_1_40' title='bbox 1123 787 1196 837; x_wconf 87' lang='lat' dir='ltr'>es,</span> <span class='ocrx_word' id='word_1_41' title='bbox 1227 771 1483 839; x_wconf 84' lang='lat' dir='ltr'>ferroque</span> <span class='ocrx_word' id='word_1_42' title='bbox 1508 777 1697 824; x_wconf 83' lang='lat' dir='ltr'>averte</span> <span class='ocrx_word' id='word_1_43' title='bbox 1721 769 1987 824; x_wconf 88' lang='lat' dir='ltr'>dolorem.</span> 
     </span>
     <span class='ocr_line' id='line_1_8' title="bbox 377 857 1707 926; baseline -0.005 -10"><span class='ocrx_word' id='word_1_44' title='bbox 377 861 458 916; x_wconf 89' lang='lat' dir='ltr'>Tu</span> <span class='ocrx_word' id='word_1_45' title='bbox 482 861 723 917; x_wconf 80' lang='lat' dir='ltr'><strong>lacrimis</strong></span> <span class='ocrx_word' id='word_1_46' title='bbox 749 860 931 914; x_wconf 80' lang='lat' dir='ltr'>evicta</span> <span class='ocrx_word' id='word_1_47' title='bbox 955 858 1108 923; x_wconf 79' lang='lat' dir='ltr'>meis,</span> <span class='ocrx_word' id='word_1_48' title='bbox 1135 864 1198 911; x_wconf 88' lang='lat' dir='ltr'>tu</span> <span class='ocrx_word' id='word_1_49' title='bbox 1225 857 1407 926; x_wconf 90' lang='lat' dir='ltr'>prima</span> <span class='ocrx_word' id='word_1_50' title='bbox 1427 858 1707 911; x_wconf 84' lang='lat' dir='ltr'>furentem</span> 
     </span>
     <span class='ocr_line' id='line_1_9' title="bbox 377 943 1784 1018; baseline -0.005 -15"><span class='ocrx_word' id='word_1_51' title='bbox 377 949 496 1018; x_wconf 85' lang='lat' dir='ltr'>His,</span> <span class='ocrx_word' id='word_1_52' title='bbox 524 963 801 1018; x_wconf 80' lang='lat' dir='ltr'>germana,</span> <span class='ocrx_word' id='word_1_53' title='bbox 829 945 990 1000; x_wconf 88' lang='lat' dir='ltr'>malis</span> <span class='ocrx_word' id='word_1_54' title='bbox 1013 961 1209 999; x_wconf 85' lang='lat' dir='ltr'>oneras</span> <span class='ocrx_word' id='word_1_55' title='bbox 1232 949 1399 1012; x_wconf 87' lang='lat' dir='ltr'>atque</span> <span class='ocrx_word' id='word_1_56' title='bbox 1424 943 1596 998; x_wconf 89' lang='lat' dir='ltr'>obicis</span> <span class='ocrx_word' id='word_1_57' title='bbox 1620 943 1784 998; x_wconf 84' lang='lat' dir='ltr'>hosti.</span> 
     </span>
     <span class='ocr_line' id='line_1_10' title="bbox 377 1031 1843 1101; baseline -0.003 -12"><span class='ocrx_word' id='word_1_58' title='bbox 377 1035 508 1091; x_wconf 82' lang='lat' dir='ltr'>Non</span> <span class='ocrx_word' id='word_1_59' title='bbox 533 1033 688 1088; x_wconf 89' lang='lat' dir='ltr'>licuit</span> <span class='ocrx_word' id='word_1_60' title='bbox 713 1032 940 1088; x_wconf 86' lang='lat' dir='ltr'>thalami</span> <span class='ocrx_word' id='word_1_61' title='bbox 963 1036 1247 1101; x_wconf 89' lang='lat' dir='ltr'>expertem</span> <span class='ocrx_word' id='word_1_62' title='bbox 1273 1031 1393 1084; x_wconf 88' lang='lat' dir='ltr'>sine</span> <span class='ocrx_word' id='word_1_63' title='bbox 1416 1031 1643 1086; x_wconf 86' lang='lat' dir='ltr'>crimine</span> <span class='ocrx_word' id='word_1_64' title='bbox 1668 1031 1843 1085; x_wconf 80' lang='lat' dir='ltr'>vitam</span> 
     </span>
     <span class='ocr_line' id='line_1_11' title="bbox 377 1117 1735 1191; baseline -0.003 -15"><span class='ocrx_word' id='word_1_65' title='bbox 377 1122 607 1191; x_wconf 79' lang='lat' dir='ltr'>Degere,</span> <span class='ocrx_word' id='word_1_66' title='bbox 636 1137 794 1174; x_wconf 86' lang='lat' dir='ltr'>more</span> <span class='ocrx_word' id='word_1_67' title='bbox 819 1120 989 1186; x_wconf 66' lang='lat' dir='ltr'>serae,</span> <span class='ocrx_word' id='word_1_68' title='bbox 1016 1117 1142 1172; x_wconf 84' lang='lat' dir='ltr'>talis</span> <span class='ocrx_word' id='word_1_69' title='bbox 1165 1133 1268 1172; x_wconf 84' lang='lat' dir='ltr'>neo</span> <span class='ocrx_word' id='word_1_70' title='bbox 1293 1123 1523 1186; x_wconf 81' lang='lat' dir='ltr'>tangere</span> <span class='ocrx_word' id='word_1_71' title='bbox 1545 1118 1735 1172; x_wconf 75' lang='lat' dir='ltr'>curas!</span> 
     </span>
     <span class='ocr_line' id='line_1_12' title="bbox 377 1203 1776 1274; baseline -0.004 -11"><span class='ocrx_word' id='word_1_72' title='bbox 377 1208 508 1268; x_wconf 80' lang='lat' dir='ltr'>Non</span> <span class='ocrx_word' id='word_1_73' title='bbox 533 1213 752 1262; x_wconf 83' lang='lat' dir='ltr'>servata</span> <span class='ocrx_word' id='word_1_74' title='bbox 773 1205 926 1274; x_wconf 86' lang='lat' dir='ltr'>fides,</span> <span class='ocrx_word' id='word_1_75' title='bbox 953 1205 1124 1260; x_wconf 85' lang='lat' dir='ltr'>cineri</span> <span class='ocrx_word' id='word_1_76' title='bbox 1149 1204 1421 1274; x_wconf 84' lang='lat' dir='ltr'>promissa</span> <span class='ocrx_word' id='word_1_77' title='bbox 1442 1203 1719 1271; x_wconf 70' lang='lat' dir='ltr'>Sychaeo!</span> <span class='ocrx_word' id='word_1_78' title='bbox 1742 1203 1776 1231; x_wconf 90' lang='lat'>”</span> 
     </span>
     <span class='ocr_line' id='line_1_13' title="bbox 378 1291 1667 1362; baseline -0.002 -14"><span class='ocrx_word' id='word_1_79' title='bbox 378 1294 586 1350; x_wconf 83' lang='lat' dir='ltr'>Tantos</span> <span class='ocrx_word' id='word_1_80' title='bbox 610 1293 707 1348; x_wconf 89' lang='lat' dir='ltr'>illa</span> <span class='ocrx_word' id='word_1_81' title='bbox 731 1308 831 1348; x_wconf 84' lang='lat' dir='ltr'>sno</span> <span class='ocrx_word' id='word_1_82' title='bbox 857 1291 1153 1362; x_wconf 75' lang='lat' dir='ltr'>rumpebat</span> <span class='ocrx_word' id='word_1_83' title='bbox 1176 1296 1405 1360; x_wconf 90' lang='lat' dir='ltr'>pectore</span> <span class='ocrx_word' id='word_1_84' title='bbox 1429 1295 1667 1359; x_wconf 85' lang='lat' dir='ltr'>questus.</span> 
     </span>
    </p>

    <p class='ocr_par' dir='ltr' id='par_1_3' title="bbox 372 1376 2021 2834">
     <span class='ocr_line' id='line_1_14' title="bbox 450 1376 1685 1448; baseline -0.004 -12"><span class='ocrx_word' id='word_1_85' title='bbox 450 1382 668 1436; x_wconf 84' lang='lat' dir='ltr'>Aeneas</span> <span class='ocrx_word' id='word_1_86' title='bbox 692 1379 839 1434; x_wconf 86' lang='lat' dir='ltr'>celsa</span> <span class='ocrx_word' id='word_1_87' title='bbox 861 1379 920 1433; x_wconf 91' lang='lat' dir='ltr'>in</span> <span class='ocrx_word' id='word_1_88' title='bbox 943 1379 1132 1448; x_wconf 85' lang='lat' dir='ltr'>puppi,</span> <span class='ocrx_word' id='word_1_89' title='bbox 1160 1377 1272 1432; x_wconf 85' lang='lat' dir='ltr'>iam</span> <span class='ocrx_word' id='word_1_90' title='bbox 1298 1383 1481 1432; x_wconf 85' lang='lat' dir='ltr'>certus</span> <span class='ocrx_word' id='word_1_91' title='bbox 1504 1376 1685 1446; x_wconf 86' lang='lat' dir='ltr'>eundi,</span> 
     </span>
     <span class='ocr_line' id='line_1_15' title="bbox 380 1464 1625 1541; baseline -0.004 -16"><span class='ocrx_word' id='word_1_92' title='bbox 380 1469 658 1541; x_wconf 84' lang='lat' dir='ltr'>Carpebat</span> <span class='ocrx_word' id='word_1_93' title='bbox 681 1485 920 1537; x_wconf 85' lang='lat' dir='ltr'>somnos,</span> <span class='ocrx_word' id='word_1_94' title='bbox 945 1467 1111 1522; x_wconf 88' lang='lat' dir='ltr'>rebus</span> <span class='ocrx_word' id='word_1_95' title='bbox 1133 1467 1245 1520; x_wconf 87' lang='lat' dir='ltr'>iam</span> <span class='ocrx_word' id='word_1_96' title='bbox 1271 1465 1378 1519; x_wconf 87' lang='lat' dir='ltr'>rite</span> <span class='ocrx_word' id='word_1_97' title='bbox 1400 1464 1625 1534; x_wconf 83' lang='lat' dir='ltr'>paratis.</span> 
     </span>
     <span class='ocr_line' id='line_1_16' title="bbox 379 1551 1634 1612; baseline -0.006 -1"><span class='ocrx_word' id='word_1_98' title='bbox 379 1556 525 1612; x_wconf 89' lang='lat' dir='ltr'>Huic</span> <span class='ocrx_word' id='word_1_99' title='bbox 548 1574 608 1612; x_wconf 89' lang='lat' dir='ltr'>se</span> <span class='ocrx_word' id='word_1_100' title='bbox 631 1557 812 1611; x_wconf 81' lang='lat' dir='ltr'>forma</span> <span class='ocrx_word' id='word_1_101' title='bbox 834 1555 924 1610; x_wconf 89' lang='lat' dir='ltr'>dei</span> <span class='ocrx_word' id='word_1_102' title='bbox 949 1552 1102 1608; x_wconf 86' lang='lat' dir='ltr'>voltu</span> <span class='ocrx_word' id='word_1_103' title='bbox 1131 1552 1414 1606; x_wconf 84' lang='lat' dir='ltr'>redeuntis</span> <span class='ocrx_word' id='word_1_104' title='bbox 1438 1551 1634 1605; x_wconf 81' lang='lat' dir='ltr'>eodem</span> 
     </span>
     <span class='ocr_line' id='line_1_17' title="bbox 379 1642 1879 1714; baseline -0.003 -15"><span class='ocrx_word' id='word_1_105' title='bbox 379 1645 598 1700; x_wconf 82' lang='lat' dir='ltr'>Obtulit</span> <span class='ocrx_word' id='word_1_106' title='bbox 621 1647 680 1698; x_wconf 85' lang='lat' dir='ltr'>in</span> <span class='ocrx_word' id='word_1_107' title='bbox 711 1645 934 1714; x_wconf 83' lang='lat' dir='ltr'>somnis,</span> <span class='ocrx_word' id='word_1_108' title='bbox 961 1659 1256 1712; x_wconf 75' lang='lat' dir='ltr'>rursusque</span> <span class='ocrx_word' id='word_1_109' title='bbox 1280 1642 1362 1696; x_wconf 85' lang='lat' dir='ltr'>ita</span> <span class='ocrx_word' id='word_1_110' title='bbox 1386 1643 1507 1696; x_wconf 85' lang='lat' dir='ltr'>visa</span> <span class='ocrx_word' id='word_1_111' title='bbox 1528 1657 1754 1696; x_wconf 86' lang='lat' dir='ltr'>monere</span> <span class='ocrx_word' id='word_1_112' title='bbox 1776 1647 1879 1708; x_wconf 80' lang='lat' dir='ltr'>est,</span> 
     </span>
     <span class='ocr_line' id='line_1_18' title="bbox 380 1727 1819 1797; baseline -0.004 -11"><span class='ocrx_word' id='word_1_113' title='bbox 380 1732 582 1786; x_wconf 83' lang='lat' dir='ltr'>Omnia</span> <span class='ocrx_word' id='word_1_114' title='bbox 605 1731 880 1786; x_wconf 83' lang='lat' dir='ltr'>Mercurio</span> <span class='ocrx_word' id='word_1_115' title='bbox 905 1731 1112 1796; x_wconf 86' lang='lat' dir='ltr'>similis,</span> <span class='ocrx_word' id='word_1_116' title='bbox 1141 1743 1443 1797; x_wconf 79' lang='lat' dir='ltr'>vocemque</span> <span class='ocrx_word' id='word_1_117' title='bbox 1468 1727 1819 1796; x_wconf 86' lang='lat' dir='ltr'>coloremque</span> 
     </span>
     <span class='ocr_line' id='line_1_19' title="bbox 377 1819 1697 1877; baseline -0.003 -3"><span class='ocrx_word' id='word_1_118' title='bbox 377 1821 453 1877; x_wconf 90' lang='lat' dir='ltr'>Et</span> <span class='ocrx_word' id='word_1_119' title='bbox 477 1823 646 1877; x_wconf 86' lang='lat' dir='ltr'>crinis</span> <span class='ocrx_word' id='word_1_120' title='bbox 669 1822 842 1876; x_wconf 81' lang='lat' dir='ltr'>flavos</span> <span class='ocrx_word' id='word_1_121' title='bbox 865 1827 922 1876; x_wconf 85' lang='lat' dir='ltr'>et</span> <span class='ocrx_word' id='word_1_122' title='bbox 945 1821 1196 1874; x_wconf 88' lang='lat' dir='ltr'>membra</span> <span class='ocrx_word' id='word_1_123' title='bbox 1217 1819 1421 1873; x_wconf 88' lang='lat' dir='ltr'>decora</span> <span class='ocrx_word' id='word_1_124' title='bbox 1443 1819 1697 1872; x_wconf 81' lang='lat' dir='ltr'>iuventa:</span> 
     </span>
     <span class='ocr_line' id='line_1_20' title="bbox 379 1905 1806 1979; baseline -0.006 -14"><span class='ocrx_word' id='word_1_125' title='bbox 379 1911 412 1938; x_wconf 77' lang='lat'>‘⁴</span> <span class='ocrx_word' id='word_1_126' title='bbox 430 1909 575 1965; x_wconf 85' lang='lat' dir='ltr'>Nate</span> <span class='ocrx_word' id='word_1_127' title='bbox 599 1910 716 1979; x_wconf 84' lang='lat' dir='ltr'>dea,</span> <span class='ocrx_word' id='word_1_128' title='bbox 745 1915 906 1978; x_wconf 87' lang='lat' dir='ltr'>potes</span> <span class='ocrx_word' id='word_1_129' title='bbox 928 1908 1038 1963; x_wconf 90' lang='lat' dir='ltr'>hoc</span> <span class='ocrx_word' id='word_1_130' title='bbox 1061 1907 1164 1961; x_wconf 87' lang='lat' dir='ltr'>sub</span> <span class='ocrx_word' id='word_1_131' title='bbox 1189 1923 1316 1961; x_wconf 83' lang='lat' dir='ltr'>casu</span> <span class='ocrx_word' id='word_1_132' title='bbox 1343 1905 1547 1960; x_wconf 84' lang='lat' dir='ltr'>ducere</span> <span class='ocrx_word' id='word_1_133' title='bbox 1570 1919 1806 1971; x_wconf 88' lang='lat' dir='ltr'>somnos,</span> 
     </span>
     <span class='ocr_line' id='line_1_21' title="bbox 375 1992 1895 2068; baseline -0.003 -17"><span class='ocrx_word' id='word_1_134' title='bbox 375 1997 510 2066; x_wconf 84' lang='lat' dir='ltr'>Nec,</span> <span class='ocrx_word' id='word_1_135' title='bbox 539 2015 678 2068; x_wconf 82' lang='lat' dir='ltr'>quae</span> <span class='ocrx_word' id='word_1_136' title='bbox 703 2005 760 2052; x_wconf 85' lang='lat' dir='ltr'>te</span> <span class='ocrx_word' id='word_1_137' title='bbox 785 1998 992 2052; x_wconf 88' lang='lat' dir='ltr'>circum</span> <span class='ocrx_word' id='word_1_138' title='bbox 1017 2001 1166 2050; x_wconf 84' lang='lat' dir='ltr'>stent</span> <span class='ocrx_word' id='word_1_139' title='bbox 1189 1993 1391 2049; x_wconf 85' lang='lat' dir='ltr'>deinde</span> <span class='ocrx_word' id='word_1_140' title='bbox 1416 1993 1675 2064; x_wconf 82' lang='lat' dir='ltr'>pericula,</span> <span class='ocrx_word' id='word_1_141' title='bbox 1702 1992 1895 2061; x_wconf 85' lang='lat' dir='ltr'>cernis,</span> 
     </span>
     <span class='ocr_line' id='line_1_22' title="bbox 375 2079 1815 2155; baseline -0.003 -17"><span class='ocrx_word' id='word_1_142' title='bbox 375 2083 631 2155; x_wconf 86' lang='lat' dir='ltr'>Demens,</span> <span class='ocrx_word' id='word_1_143' title='bbox 659 2102 764 2140; x_wconf 85' lang='lat' dir='ltr'>nec</span> <span class='ocrx_word' id='word_1_144' title='bbox 787 2083 1072 2153; x_wconf 73' lang='lat' dir='ltr'>Zephyros</span> <span class='ocrx_word' id='word_1_145' title='bbox 1095 2083 1254 2138; x_wconf 86' lang='lat' dir='ltr'>audis</span> <span class='ocrx_word' id='word_1_146' title='bbox 1277 2083 1487 2152; x_wconf 86' lang='lat' dir='ltr'>spirare</span> <span class='ocrx_word' id='word_1_147' title='bbox 1510 2079 1815 2136; x_wconf 68' lang='lat' dir='ltr'>secundos?</span> 
     </span>
     <span class='ocr_line' id='line_1_23' title="bbox 374 2169 1701 2242; baseline 0 -17"><span class='ocrx_word' id='word_1_148' title='bbox 374 2169 476 2226; x_wconf 84' lang='lat' dir='ltr'>Illa</span> <span class='ocrx_word' id='word_1_149' title='bbox 499 2171 655 2227; x_wconf 86' lang='lat' dir='ltr'>dolos</span> <span class='ocrx_word' id='word_1_150' title='bbox 679 2173 966 2242; x_wconf 81' lang='lat' dir='ltr'>dirumque</span> <span class='ocrx_word' id='word_1_151' title='bbox 987 2171 1147 2228; x_wconf 76' lang='lat' dir='ltr'>nefas</span> <span class='ocrx_word' id='word_1_152' title='bbox 1169 2173 1224 2225; x_wconf 91' lang='lat' dir='ltr'>in</span> <span class='ocrx_word' id='word_1_153' title='bbox 1250 2177 1478 2242; x_wconf 86' lang='lat' dir='ltr'>pectore</span> <span class='ocrx_word' id='word_1_154' title='bbox 1501 2178 1701 2236; x_wconf 78' lang='lat' dir='ltr'>versat,</span> 
     </span>
     <span class='ocr_line' id='line_1_24' title="bbox 375 2258 1699 2328; baseline -0.002 -14"><span class='ocrx_word' id='word_1_155' title='bbox 375 2259 543 2315; x_wconf 86' lang='lat' dir='ltr'>Certa</span> <span class='ocrx_word' id='word_1_156' title='bbox 565 2261 722 2328; x_wconf 87' lang='lat' dir='ltr'>mori,</span> <span class='ocrx_word' id='word_1_157' title='bbox 750 2258 1014 2328; x_wconf 81' lang='lat' dir='ltr'>varioque</span> <span class='ocrx_word' id='word_1_158' title='bbox 1037 2259 1246 2314; x_wconf 89' lang='lat' dir='ltr'>irarum</span> <span class='ocrx_word' id='word_1_159' title='bbox 1271 2258 1505 2313; x_wconf 82' lang='lat' dir='ltr'>fluctuat</span> <span class='ocrx_word' id='word_1_160' title='bbox 1527 2265 1699 2312; x_wconf 85' lang='lat' dir='ltr'>aestu.</span> 
     </span>
     <span class='ocr_line' id='line_1_25' title="bbox 373 2341 1983 2415; baseline -0.003 -14"><span class='ocrx_word' id='word_1_161' title='bbox 373 2345 503 2401; x_wconf 83' lang='lat' dir='ltr'>Non</span> <span class='ocrx_word' id='word_1_162' title='bbox 527 2346 674 2415; x_wconf 73' lang='lat' dir='ltr'>tugis</span> <span class='ocrx_word' id='word_1_163' title='bbox 699 2345 828 2400; x_wconf 89' lang='lat' dir='ltr'>hinc</span> <span class='ocrx_word' id='word_1_164' title='bbox 851 2361 1134 2415; x_wconf 86' lang='lat' dir='ltr'>praeceps,</span> <span class='ocrx_word' id='word_1_165' title='bbox 1159 2345 1292 2399; x_wconf 83' lang='lat' dir='ltr'>dum</span> <span class='ocrx_word' id='word_1_166' title='bbox 1318 2345 1681 2414; x_wconf 83' lang='lat' dir='ltr'>praecipitare</span> <span class='ocrx_word' id='word_1_167' title='bbox 1704 2341 1983 2413; x_wconf 60' lang='lat' dir='ltr'>potestas?</span> 
     </span>
     <span class='ocr_line' id='line_1_26' title="bbox 372 2432 1751 2502; baseline -0.001 -16"><span class='ocrx_word' id='word_1_168' title='bbox 372 2433 490 2488; x_wconf 88' lang='lat' dir='ltr'>Iam</span> <span class='ocrx_word' id='word_1_169' title='bbox 515 2450 666 2487; x_wconf 90' lang='lat' dir='ltr'>mare</span> <span class='ocrx_word' id='word_1_170' title='bbox 690 2434 900 2487; x_wconf 84' lang='lat' dir='ltr'>turbari</span> <span class='ocrx_word' id='word_1_171' title='bbox 927 2433 1188 2502; x_wconf 78' lang='lat' dir='ltr'>trabibus,</span> <span class='ocrx_word' id='word_1_172' title='bbox 1219 2449 1515 2502; x_wconf 80' lang='lat' dir='ltr'>saevasque</span> <span class='ocrx_word' id='word_1_173' title='bbox 1538 2432 1751 2486; x_wconf 82' lang='lat' dir='ltr'>videbis</span> 
     </span>
     <span class='ocr_line' id='line_1_27' title="bbox 375 2518 1715 2589; baseline -0.001 -15"><span class='ocrx_word' id='word_1_174' title='bbox 375 2518 682 2574; x_wconf 81' lang='lat' dir='ltr'>Conlucere</span> <span class='ocrx_word' id='word_1_175' title='bbox 706 2520 872 2586; x_wconf 74' lang='lat' dir='ltr'>faces,</span> <span class='ocrx_word' id='word_1_176' title='bbox 899 2518 1007 2573; x_wconf 88' lang='lat' dir='ltr'>iam</span> <span class='ocrx_word' id='word_1_177' title='bbox 1035 2520 1248 2574; x_wconf 86' lang='lat' dir='ltr'>fervere</span> <span class='ocrx_word' id='word_1_178' title='bbox 1273 2518 1443 2574; x_wconf 87' lang='lat' dir='ltr'>litora</span> <span class='ocrx_word' id='word_1_179' title='bbox 1464 2518 1715 2589; x_wconf 83' lang='lat' dir='ltr'>flammis,</span> 
     </span>
     <span class='ocr_line' id='line_1_28' title="bbox 375 2605 1686 2674; baseline 0 -14"><span class='ocrx_word' id='word_1_180' title='bbox 375 2605 432 2660; x_wconf 86' lang='lat' dir='ltr'>Si</span> <span class='ocrx_word' id='word_1_181' title='bbox 457 2611 514 2660; x_wconf 91' lang='lat' dir='ltr'>te</span> <span class='ocrx_word' id='word_1_182' title='bbox 537 2605 628 2660; x_wconf 86' lang='lat' dir='ltr'>his</span> <span class='ocrx_word' id='word_1_183' title='bbox 649 2605 898 2674; x_wconf 82' lang='lat' dir='ltr'>attigerit</span> <span class='ocrx_word' id='word_1_184' title='bbox 921 2606 1088 2660; x_wconf 88' lang='lat' dir='ltr'>terris</span> <span class='ocrx_word' id='word_1_185' title='bbox 1117 2606 1337 2661; x_wconf 88' lang='lat' dir='ltr'>Aurora</span> <span class='ocrx_word' id='word_1_186' title='bbox 1357 2611 1686 2660; x_wconf 78' lang='lat' dir='ltr'>morantem.</span> 
     </span>
     <span class='ocr_line' id='line_1_29' title="bbox 375 2691 2021 2762; baseline -0.001 -16"><span class='ocrx_word' id='word_1_187' title='bbox 375 2691 516 2748; x_wconf 86' lang='lat' dir='ltr'>Heia</span> <span class='ocrx_word' id='word_1_188' title='bbox 537 2710 654 2762; x_wconf 79' lang='lat' dir='ltr'>age,</span> <span class='ocrx_word' id='word_1_189' title='bbox 681 2709 876 2762; x_wconf 88' lang='lat' dir='ltr'>rumpe</span> <span class='ocrx_word' id='word_1_190' title='bbox 899 2709 1098 2748; x_wconf 87' lang='lat' dir='ltr'>moras.</span> <span class='ocrx_word' id='word_1_191' title='bbox 1175 2693 1407 2748; x_wconf 84' lang='lat' dir='ltr'>Varium</span> <span class='ocrx_word' id='word_1_192' title='bbox 1432 2699 1490 2748; x_wconf 86' lang='lat' dir='ltr'>et</span> <span class='ocrx_word' id='word_1_193' title='bbox 1512 2693 1779 2748; x_wconf 85' lang='lat' dir='ltr'>mutabile</span> <span class='ocrx_word' id='word_1_194' title='bbox 1801 2707 2021 2761; x_wconf 82' lang='lat' dir='ltr'>semper</span> 
     </span>
     <span class='ocr_line' id='line_1_30' title="bbox 372 2779 1771 2834; baseline 0.001 -1"><span class='ocrx_word' id='word_1_195' title='bbox 372 2779 656 2834; x_wconf 84' lang='lat' dir='ltr'>Femina.”</span> <span class='ocrx_word' id='word_1_196' title='bbox 731 2779 823 2834; x_wconf 86' lang='lat' dir='ltr'>Sic</span> <span class='ocrx_word' id='word_1_197' title='bbox 846 2780 996 2834; x_wconf 75' lang='lat' dir='ltr'>fatus</span> <span class='ocrx_word' id='word_1_198' title='bbox 1019 2780 1168 2834; x_wconf 87' lang='lat' dir='ltr'>nocti</span> <span class='ocrx_word' id='word_1_199' title='bbox 1196 2796 1254 2834; x_wconf 86' lang='lat' dir='ltr'>se</span> <span class='ocrx_word' id='word_1_200' title='bbox 1279 2780 1577 2834; x_wconf 81' lang='lat' dir='ltr'>immiscuit</span> <span class='ocrx_word' id='word_1_201' title='bbox 1602 2785 1771 2834; x_wconf 80' lang='lat' dir='ltr'>atrae.</span> 
     </span>
    </p>

    <p class='ocr_par' dir='ltr' id='par_1_4' title="bbox 373 2866 1991 3540">
     <span class='ocr_line' id='line_1_31' title="bbox 444 2866 1791 2935; baseline 0 -15"><span class='ocrx_word' id='word_1_202' title='bbox 444 2866 582 2921; x_wconf 89' lang='lat' dir='ltr'>Tum</span> <span class='ocrx_word' id='word_1_203' title='bbox 610 2883 742 2921; x_wconf 80' lang='lat' dir='ltr'>vero</span> <span class='ocrx_word' id='word_1_204' title='bbox 766 2867 998 2934; x_wconf 79' lang='lat' dir='ltr'>Aeneas,</span> <span class='ocrx_word' id='word_1_205' title='bbox 1027 2867 1222 2922; x_wconf 85' lang='lat' dir='ltr'>subitis</span> <span class='ocrx_word' id='word_1_206' title='bbox 1244 2868 1543 2922; x_wconf 82' lang='lat' dir='ltr'>exterritus</span> <span class='ocrx_word' id='word_1_207' title='bbox 1566 2867 1791 2935; x_wconf 85' lang='lat' dir='ltr'>umbris,</span> 
     </span>
     <span class='ocr_line' id='line_1_32' title="bbox 375 2953 1675 3022; baseline 0 -15"><span class='ocrx_word' id='word_1_208' title='bbox 375 2953 620 3022; x_wconf 83' lang='lat' dir='ltr'>Corripit</span> <span class='ocrx_word' id='word_1_209' title='bbox 643 2969 675 3008; x_wconf 91' lang='lat' dir='ltr'>e</span> <span class='ocrx_word' id='word_1_210' title='bbox 699 2969 894 3007; x_wconf 86' lang='lat' dir='ltr'>somno</span> <span class='ocrx_word' id='word_1_211' title='bbox 919 2969 1121 3022; x_wconf 88' lang='lat' dir='ltr'>corpus</span> <span class='ocrx_word' id='word_1_212' title='bbox 1145 2953 1427 3022; x_wconf 85' lang='lat' dir='ltr'>sociosque</span> <span class='ocrx_word' id='word_1_213' title='bbox 1451 2953 1675 3022; x_wconf 80' lang='lat' dir='ltr'>fatigat:</span> 
     </span>
     <span class='ocr_line' id='line_1_33' title="bbox 376 3038 1871 3109; baseline -0.001 -17"><span class='ocrx_word' id='word_1_214' title='bbox 376 3041 412 3068; x_wconf 75' lang='lat'>‘⁴</span> <span class='ocrx_word' id='word_1_215' title='bbox 427 3038 763 3109; x_wconf 74' lang='lat' dir='ltr'>Praecipites</span> <span class='ocrx_word' id='word_1_216' title='bbox 786 3040 1028 3108; x_wconf 70' lang='lat' dir='ltr'>vigilate,</span> <span class='ocrx_word' id='word_1_217' title='bbox 1057 3041 1178 3108; x_wconf 80' lang='lat' dir='ltr'>viri,</span> <span class='ocrx_word' id='word_1_218' title='bbox 1207 3044 1265 3094; x_wconf 90' lang='lat' dir='ltr'>et</span> <span class='ocrx_word' id='word_1_219' title='bbox 1290 3039 1559 3095; x_wconf 79' lang='lat' dir='ltr'>considite</span> <span class='ocrx_word' id='word_1_220' title='bbox 1582 3039 1871 3099; x_wconf 76' lang='lat' dir='ltr'>transtris:</span> 
     </span>
     <span class='ocr_line' id='line_1_34' title="bbox 373 3124 1807 3181; baseline -0.001 -2"><span class='ocrx_word' id='word_1_221' title='bbox 373 3124 584 3180; x_wconf 85' lang='lat' dir='ltr'>Solvite</span> <span class='ocrx_word' id='word_1_222' title='bbox 609 3125 734 3180; x_wconf 81' lang='lat' dir='ltr'>vela</span> <span class='ocrx_word' id='word_1_223' title='bbox 758 3126 870 3180; x_wconf 90' lang='lat' dir='ltr'>citi.</span> <span class='ocrx_word' id='word_1_224' title='bbox 945 3126 1096 3181; x_wconf 88' lang='lat' dir='ltr'>Deus</span> <span class='ocrx_word' id='word_1_225' title='bbox 1123 3127 1346 3181; x_wconf 83' lang='lat' dir='ltr'>aethere</span> <span class='ocrx_word' id='word_1_226' title='bbox 1373 3127 1572 3180; x_wconf 82' lang='lat' dir='ltr'>missus</span> <span class='ocrx_word' id='word_1_227' title='bbox 1596 3127 1665 3180; x_wconf 84' lang='lat' dir='ltr'>ab</span> <span class='ocrx_word' id='word_1_228' title='bbox 1692 3125 1807 3180; x_wconf 83' lang='lat' dir='ltr'>alto</span> 
     </span>
     <span class='ocr_line' id='line_1_35' title="bbox 375 3211 1628 3282; baseline 0.001 -17"><span class='ocrx_word' id='word_1_229' title='bbox 375 3211 657 3266; x_wconf 69' lang='lat' dir='ltr'>Festinato</span> <span class='ocrx_word' id='word_1_230' title='bbox 681 3213 871 3280; x_wconf 71' lang='lat' dir='ltr'>fugam</span> <span class='ocrx_word' id='word_1_231' title='bbox 899 3217 1182 3282; x_wconf 86' lang='lat' dir='ltr'>tortosque</span> <span class='ocrx_word' id='word_1_232' title='bbox 1205 3212 1451 3268; x_wconf 85' lang='lat' dir='ltr'>incidere</span> <span class='ocrx_word' id='word_1_233' title='bbox 1474 3213 1628 3266; x_wconf 72' lang='lat' dir='ltr'>funis</span> 
     </span>
     <span class='ocr_line' id='line_1_36' title="bbox 373 3296 1991 3367; baseline -0.001 -16"><span class='ocrx_word' id='word_1_234' title='bbox 373 3297 518 3353; x_wconf 91' lang='lat' dir='ltr'>Ecce</span> <span class='ocrx_word' id='word_1_235' title='bbox 541 3299 742 3352; x_wconf 89' lang='lat' dir='ltr'>iterum</span> <span class='ocrx_word' id='word_1_236' title='bbox 769 3297 1034 3353; x_wconf 84' lang='lat' dir='ltr'>stimulat.</span> <span class='ocrx_word' id='word_1_237' title='bbox 1107 3299 1403 3367; x_wconf 87' lang='lat' dir='ltr'>Sequimur</span> <span class='ocrx_word' id='word_1_238' title='bbox 1428 3303 1500 3367; x_wconf 88' lang='lat' dir='ltr'>te,</span> <span class='ocrx_word' id='word_1_239' title='bbox 1528 3303 1718 3352; x_wconf 84' lang='lat' dir='ltr'>sancte</span> <span class='ocrx_word' id='word_1_240' title='bbox 1742 3296 1991 3366; x_wconf 84' lang='lat' dir='ltr'>deorum,</span> 
     </span>
     <span class='ocr_line' id='line_1_37' title="bbox 375 3385 1872 3455; baseline -0.001 -17"><span class='ocrx_word' id='word_1_241' title='bbox 375 3385 636 3455; x_wconf 81' lang='lat' dir='ltr'>Quisquis</span> <span class='ocrx_word' id='word_1_242' title='bbox 659 3401 734 3452; x_wconf 85' lang='lat' dir='ltr'>es,</span> <span class='ocrx_word' id='word_1_243' title='bbox 755 3385 1096 3454; x_wconf 86' lang='lat' dir='ltr'>imperioque</span> <span class='ocrx_word' id='word_1_244' title='bbox 1121 3386 1322 3440; x_wconf 83' lang='lat' dir='ltr'>iterum</span> <span class='ocrx_word' id='word_1_245' title='bbox 1348 3399 1607 3453; x_wconf 81' lang='lat' dir='ltr'>paremus</span> <span class='ocrx_word' id='word_1_246' title='bbox 1630 3389 1872 3438; x_wconf 84' lang='lat' dir='ltr'>ovantes.</span> 
     </span>
     <span class='ocr_line' id='line_1_38' title="bbox 373 3467 1637 3540; baseline -0.002 -15"><span class='ocrx_word' id='word_1_247' title='bbox 373 3470 542 3526; x_wconf 81' lang='lat' dir='ltr'>Adsis</span> <span class='ocrx_word' id='word_1_248' title='bbox 563 3487 600 3524; x_wconf 93' lang='lat' dir='ltr'>o</span> <span class='ocrx_word' id='word_1_249' title='bbox 621 3467 974 3540; x_wconf 76' lang='lat' dir='ltr'>placidusque</span> <span class='ocrx_word' id='word_1_250' title='bbox 998 3471 1168 3539; x_wconf 81' lang='lat' dir='ltr'>iuves,</span> <span class='ocrx_word' id='word_1_251' title='bbox 1197 3478 1255 3524; x_wconf 86' lang='lat' dir='ltr'>et</span> <span class='ocrx_word' id='word_1_252' title='bbox 1279 3467 1461 3525; x_wconf 83' lang='lat' dir='ltr'>sidera</span> <span class='ocrx_word' id='word_1_253' title='bbox 1485 3469 1637 3524; x_wconf 84' lang='lat' dir='ltr'>caelo</span> 
     </span>
    </p>
   </div>
   <div class='ocr_carea' id='block_1_3' title="bbox 2304 1033 2409 1085">
    <p class='ocr_par' dir='ltr' id='par_1_5' title="bbox 2304 1033 2409 1085">
     <span class='ocr_line' id='line_1_39' title="bbox 2304 1033 2409 1085; baseline 0 0"><span class='ocrx_word' id='word_1_254' title='bbox 2304 1033 2409 1085; x_wconf 86' lang='grc'>550</span> 
     </span>
    </p>
   </div>
   <div class='ocr_carea' id='block_1_4' title="bbox 2304 1465 2407 1518">
    <p class='ocr_par' dir='ltr' id='par_1_6' title="bbox 2304 1465 2407 1518">
     <span class='ocr_line' id='line_1_40' title="bbox 2304 1465 2407 1518; baseline 0 -1"><span class='ocrx_word' id='word_1_255' title='bbox 2304 1465 2407 1518; x_wconf 85' lang='grc'>555</span> 
     </span>
    </p>
   </div>
   <div class='ocr_carea' id='block_1_5' title="bbox 2304 1902 2407 1954">
    <p class='ocr_par' dir='ltr' id='par_1_7' title="bbox 2304 1902 2407 1954">
     <span class='ocr_line' id='line_1_41' title="bbox 2304 1902 2407 1954; baseline -0.019 0"><span class='ocrx_word' id='word_1_256' title='bbox 2304 1902 2407 1954; x_wconf 78' lang='grc'>560</span> 
     </span>
    </p>
   </div>
   <div class='ocr_carea' id='block_1_6' title="bbox 2302 2339 2405 2392">
    <p class='ocr_par' dir='ltr' id='par_1_8' title="bbox 2302 2339 2405 2392">
     <span class='ocr_line' id='line_1_42' title="bbox 2302 2339 2405 2392; baseline -0.01 0"><span class='ocrx_word' id='word_1_257' title='bbox 2302 2339 2405 2392; x_wconf 75' lang='grc'>565</span> 
     </span>
    </p>
   </div>
   <div class='ocr_carea' id='block_1_7' title="bbox 2302 2773 2407 2832">
    <p class='ocr_par' dir='ltr' id='par_1_9' title="bbox 2302 2773 2407 2832">
     <span class='ocr_line' id='line_1_43' title="bbox 2302 2773 2407 2832; baseline 0 -3"><span class='ocrx_word' id='word_1_258' title='bbox 2302 2773 2407 2832; x_wconf 75' lang='grc'>570</span> 
     </span>
    </p>
   </div>
   <div class='ocr_carea' id='block_1_8' title="bbox 2300 3208 2407 3267">
    <p class='ocr_par' dir='ltr' id='par_1_10' title="bbox 2300 3208 2407 3267">
     <span class='ocr_line' id='line_1_44' title="bbox 2300 3208 2407 3267; baseline 0 -3"><span class='ocrx_word' id='word_1_259' title='bbox 2300 3208 2407 3267; x_wconf 76' lang='grc'>575</span> 
     </span>
    </p>
   </div>
  </div>
 </body>
</html>
