2725 3892
979 209 1256 262 vanem
1301 205 1631 258 AENEIDOS
1674 205 1739 253 V:

344 379 552 435 Creber
577 383 634 433 et
658 376 909 446 aspirans
934 389 1124 430 rursus
1147 375 1314 426 vocat
1338 369 1546 430 Auster
1572 367 1631 420 in
1658 364 1847 420 altum.

343 465 606 522 Exoritur
631 477 906 534 procurva
929 461 1124 528 ingens
1149 473 1246 528 per
1269 457 1439 510 litora
1461 453 1655 518 fletus;

346 551 636 622 Complexi
663 550 812 602 inter
837 565 894 602 se
917 551 1250 613 noctemque
1275 541 1533 610 diemque
1556 541 1861 592 morantur.

345 640 505 710 Ipsae
528 639 638 693 iam
662 641 884 702 matres,
913 633 1034 704 ipsi,
1065 631 1264 701 quibus
1285 643 1483 698 aspera
1507 624 1781 695 quondam

347 726 488 781 Visa
509 723 678 778 maris
702 722 873 777 facies
899 728 957 775 et
980 735 1098 774 non
1123 715 1413 772 tolerabile
1436 728 1659 779 nomen,

348 813 438 868 Ire
465 811 674 878 volunt,
705 823 1034 876 omnemque
1059 805 1220 873 fugae
1244 803 1493 872 perferre
1516 799 1779 854 laborem.

347 900 500 965 Quos
523 899 703 952 bonus
727 896 950 952 Aeneas
973 891 1138 948 dictis
1165 889 1373 946 solatur
1398 886 1606 952 amicis,

349 986 423 1038 Et
449 982 858 1052 consanguineo
881 981 1174 1036 lacrimans
1199 973 1551 1032 commendat
1574 973 1829 1030 Acestae.

348 1072 470 1124 Tris
495 1069 662 1138 Eryci
685 1068 890 1123 vitulos
913 1072 971 1122 et
995 1062 1442 1134 Tempestatibus
1467 1075 1665 1128 agnam

351 1156 594 1211 Caedere
617 1154 818 1210 deinde
840 1154 1011 1220 iubet,
1039 1151 1288 1219 solvique
1313 1164 1383 1202 ex
1410 1145 1605 1201 ordine
1629 1145 1841 1199 funem.

349 1243 492 1314 Ipse,
519 1249 685 1312 caput
708 1247 900 1298 tonsae
925 1239 1076 1294 foliis
1101 1237 1355 1292 evinctus
1380 1233 1573 1299 olivae,

351 1331 516 1386 Stans
539 1329 732 1400 procul
755 1329 813 1382 in
839 1343 1006 1398 prora
1029 1331 1278 1395 pateram
1309 1327 1478 1384 tenet,
1510 1325 1747 1388 extaque
1772 1317 1943 1374 salsos

354 1417 591 1471 Porricit
615 1417 670 1470 in
696 1415 897 1469 fluctus
922 1431 987 1468 ac
1014 1413 1142 1466 vina
1165 1408 1435 1480 liquentia
1458 1405 1655 1460 fundit.

355 1503 712 1573 Prosequitur
737 1517 966 1570 surgens
991 1517 1024 1554 a
1045 1499 1217 1569 puppi
1241 1501 1439 1551 ventus
1462 1492 1667 1558 euntis;

355 1591 623 1646 Certatim
649 1589 778 1644 socii
805 1589 1012 1642 feriunt
1035 1601 1186 1640 mare
1213 1589 1270 1638 et
1295 1597 1535 1652 aequora
1560 1583 1807 1634 verrunt·

429 1679 505 1731 At
530 1677 723 1731 Venus
745 1677 960 1730 interea
981 1673 1302 1742 Neptunum
1327 1669 1573 1724 exercita
1594 1666 1741 1720 curis

354 1763 708 1833 Adloquitur,
737 1761 971 1830 talisque
993 1759 1231 1814 effimdit
1253 1761 1478 1826 pectore
1510 1757 1763 1823 questus:

359 1854 393 1883 “
409 1850 640 1906 Iunonis
663 1849 846 1918 gravis
867 1849 952 1902 ira
976 1863 1080 1902 nec
1105 1841 1475 1900 exsaturabile
1500 1845 1695 1910 pectus

357 1939 578 2006 Cogunt
603 1953 706 2004 rne,
738 1934 1012 2004 Neptune,
1041 1948 1233 2002 preces
1255 1928 1587 1985 descendere
1612 1928 1671 1980 in
1698 1925 1907 1990 omuis3

358 2026 538 2091 Quam
563 2039 666 2078 nec
690 2022 855 2091 longa
878 2021 1010 2088 dies,
1039 2020 1216 2090 pietas
1240 2033 1344 2072 nec
1366 2017 1585 2084 mitigat
1610 2013 1736 2079 ulla,

357 2109 476 2165 Nec
501 2109 651 2164 Iovis
673 2109 908 2178 imperio
931 2107 1169 2176 fatisque
1192 2106 1429 2162 infracta
1452 2107 1699 2176 quiescit,

359 2197 487 2252 Non
513 2196 694 2250 media
716 2195 786 2250 de
810 2199 974 2264 gente
997 2193 1282 2262 Phrygum
1307 2193 1556 2248 exedisse
1580 2192 1832 2250 nefandis

359 2283 570 2338 Urbem
595 2283 738 2337 odiis
761 2281 896 2336 satis
919 2285 1018 2348 est,
1045 2297 1150 2334 nec
1175 2295 1409 2348 poenam
1436 2289 1595 2336 traxe
1620 2297 1719 2348 per
1746 2293 1999 2344 omnem3

359 2369 638 2438 Reliquias
661 2367 873 2434 Troiae,
901 2368 1112 2422 cineres
1136 2373 1302 2435 atque
1327 2382 1451 2422 ossa
1479 2372 1797 2436 peremptae

361 2457 689 2526 Insequitur.
765 2455 972 2509 Causas
995 2452 1136 2508 tanti
1163 2452 1302 2508 sciat
1325 2453 1423 2506 illa
1446 2453 1669 2506 furoris.

361 2545 486 2613 Ipse
512 2543 647 2596 mihi
673 2540 1092 2611 nupestLibycis
1115 2545 1178 2594 tu
1205 2541 1364 2594 testis
1390 2540 1449 2594 in
1474 2539 1636 2594 undis

363 2630 542 2696 Quam
569 2629 769 2682 molem
795 2628 978 2681 subito
1001 2625 1264 2681 excierit:
1309 2627 1484 2680 maria
1510 2625 1697 2679 omnia
1720 2623 1873 2679 caelo

363 2715 601 2783 Miscuit,
631 2713 845 2769 Aeoliis
868 2713 1200 2782 nequiquam
1227 2712 1373 2766 freta
1395 2711 1666 2779 procellis,

363 2802 432 2858 In
455 2803 638 2871 regnis
661 2801 770 2855 hoe
794 2815 928 2855 ansa
949 2799 1074 2854 tuis.

363 2889 474 2943 Per
499 2888 676 2943 scelus
695 2903 820 2942 ecce
845 2886 1013 2942 etiam
1037 2884 1289 2941 Troianis
1313 2883 1585 2938 matribus
1608 2882 1749 2939 actis

364 2974 586 3031 Exussit
608 2973 766 3028 foede
789 2973 1005 3042 puppis,
1037 2978 1096 3026 et
1119 2971 1290 3026 classe
1313 2971 1534 3039 subegit

365 3062 585 3117 Amissa
609 3061 788 3115 socios
811 3060 1035 3128 ignotae
1059 3059 1310 3127 linquere
1333 3062 1532 3113 terrae.

367 3147 528 3214 Quod
553 3151 818 3216 superest,
848 3161 964 3214 ore,
991 3145 1155 3200 liceat
1177 3143 1308 3200 dare
1331 3149 1459 3198 tuta
1482 3159 1581 3212 per
1603 3142 1779 3197 undas

371 3233 511 3290 Vela
533 3233 653 3300 tibi,
681 3232 845 3287 liceat
869 3231 1202 3286 Laurentem
1231 3231 1505 3298 attingere
1531 3229 1817 3297 Thybrim,

367 3321 426 3377 si
449 3334 711 3376 concessa
733 3324 880 3388 peto,
908 3319 953 3372 si
978 3317 1114 3372 dant
1137 3335 1202 3372 ea
1227 3317 1447 3372 moenia
1470 3315 1729 3372 Parcae.”

366 3407 504 3460 Tum
529 3405 821 3461 Saturnius
837 3403 976 3458 haec
997 3402 1243 3458 domitor
1265 3403 1435 3458 maris
1460 3402 1635 3458 edidit
1658 3401 1785 3456 alti:

372 3493 408 3522 ‘⁸
427 3491 534 3546 Fas
557 3505 720 3548 omne
745 3496 848 3560 est,
875 3487 1168 3560 Cytherea,
1196 3491 1334 3546 meis
1359 3496 1417 3544 te
1440 3488 1610 3544 fidere
1632 3488 1833 3558 regnis,
1858 3513 1879 3538 .

2276 447 2311 504 ’ἴ
2314 448 2379 500 65

2284 881 2387 936 770

2284 1313 2387 1370 775

2286 1747 2392 1804 780

2288 2188 2393 2246 ¹785

2292 2621 2397 2678 790

2295 3052 2399 3110 ’796

2296 3488 2399 3540 800
