2725 3892
1003 201 1278 255 vnnfflu
1324 195 1655 250 Ammmos
1698 195 1787 246 lv,

387 371 613 430 Finibus
639 369 891 434 extorris,
921 363 1212 434 complexu
1235 360 1458 416 avulsus
1484 357 1605 424 Iuli,

385 457 672 512 Auxilium
697 454 970 524 imploret,
999 451 1293 518 videatque
1317 446 1545 514 indigua
1568 459 1795 498 suorum

385 546 632 612 Funera3
673 557 791 610 nec,
823 556 948 595 eum
973 554 1032 592 se
1057 537 1158 591 sub
1185 533 1334 604 leges
1355 531 1508 602 pacis
1531 531 1751 598 iniquae

386 630 713 696 Tradiderit,
741 642 913 695 reguo
939 631 1038 680 aut
1063 627 1254 692 optata
1279 620 1403 673 luce
1427 619 1677 683 fruatur3

388 719 497 774 Sed
521 716 682 772 cadat
705 719 835 770 ante
859 711 1004 766 diem
1032 708 1321 777 mediaque
1347 705 1671 759 inhumatus
1692 703 1920 756 mena.

389 806 542 860 Haec
565 819 778 873 precor,
805 799 951 853 hanc
977 811 1172 850 vocem
1199 797 1505 848 extremam
1530 805 1657 844 cum
1680 788 1947 857 sauguine
1970 786 2161 841 fundo.

388 893 528 947 Tum
553 908 669 959 vos,
699 906 733 943 o
758 885 926 957 Tyrii,
957 883 1184 952 stirpem
1213 885 1272 936 et
1293 894 1469 948 genus
1491 892 1657 932 omne
1678 876 1933 930 tuturum

391 980 658 1034 Exercete
683 976 842 1043 odiis,
871 971 1150 1041 cinerique
1173 967 1312 1022 haec
1333 964 1541 1019 mittite
1562 967 1759 1017 nostro

391 1065 636 1120 Munera.
711 1062 912 1118 Nullus
937 1075 1094 1116 amor
1117 1053 1353 1126 popum,
1380 1067 1487 1106 nec
1510 1050 1737 1106 foedera
1758 1055 1943 1104 sunto.

391 1152 658 1208 Exoriare
683 1149 880 1220 aliquis
903 1147 1108 1202 nostris
1133 1160 1202 1198 ex
1230 1140 1445 1196 ossibus
1467 1138 1635 1206 ultor,

393 1241 499 1306 Qui
524 1240 644 1294 face
667 1237 980 1292 Dardanios
1003 1236 1264 1303 ferroque
1291 1243 1524 1298 sequare
1548 1225 1789 1292 colonos,

391 1326 571 1394 Nunc,
600 1325 750 1394 olim,
781 1337 1124 1394 quocumque
1149 1319 1363 1374 dabunt
1388 1331 1448 1370 se
1474 1319 1725 1380 tempore
1748 1311 1911 1364 vireu.

393 1413 584 1468 Litora
606 1411 864 1467 litoribus
887 1409 1180 1476 contraria,
1207 1403 1466 1459 fluetibus
1491 1399 1671 1454 undas

393 1499 692 1569 Imprecor,
721 1514 878 1552 arma
901 1496 1102 1562 armis3
1141 1497 1391 1564 pugnent
1414 1491 1631 1561 ipsique
1658 1489 2012 1554 nepotesque.
2020 1481 2054 1510 ”

465 1585 618 1640 Haec
642 1585 734 1652 ait,
765 1589 822 1638 et
846 1583 1020 1653 partis
1044 1583 1290 1636 animum
1317 1579 1576 1633 versabat
1602 1576 1659 1628 in
1686 1570 1881 1636 omnis,

396 1671 636 1726 Invisam
662 1685 930 1740 quaerens
954 1685 1117 1738 quam
1145 1667 1381 1736 primum
1408 1665 1737 1731 abrumpere
1763 1657 1961 1712 lucem.

395 1759 534 1813 Tum
558 1757 804 1811 breviter
829 1755 1043 1810 Barcen
1068 1754 1340 1807 nutricem
1368 1752 1557 1807 adfata
1580 1749 1845 1818 Sychaei;

397 1839 650 1913 Namque
673 1859 830 1898 suam
855 1841 1036 1912 patria
1059 1840 1287 1908 antiqua
1309 1839 1453 1893 cinis
1474 1845 1594 1893 ater
1617 1835 1892 1891 habebat:

401 1933 436 1962 ‘⁸
453 1931 676 1985 Annam
701 1946 830 1985 cara
851 1928 991 1982 mihi
1015 1927 1205 1982 nutrix
1223 1926 1332 1980 huc
1357 1926 1489 1979 siste
1514 1941 1795 1988 sororem;

401 2018 504 2073 Dic
529 2033 729 2087 corpus
751 2020 1015 2086 properet
1041 2013 1250 2068 fluviali
1275 2027 1535 2083 spargere
1560 2011 1807 2080 lympha,

400 2105 476 2159 Et
498 2104 737 2174 pecudes
759 2119 944 2158 seeum
971 2110 1029 2157 et
1053 2105 1358 2156 monstrata
1380 2098 1601 2168 piacula
1624 2098 1823 2164 ducat3

401 2193 491 2247 Sic
516 2192 734 2258 veniat3
771 2196 944 2259 tuque
967 2191 1086 2258 ipsa
1111 2189 1204 2258 pia
1227 2194 1352 2256 tege
1376 2194 1630 2256 tempora
1656 2187 1813 2239 vitta.

401 2279 570 2334 Sacra
592 2278 716 2332 Iovi
741 2277 949 2346 Stygia,
979 2293 1120 2345 quae
1141 2276 1250 2329 rite
1272 2276 1499 2344 incepta
1519 2273 1728 2343 paravi,

402 2365 673 2422 Perfieere
698 2369 784 2420 est
805 2364 1036 2432 animus,
1063 2362 1340 2430 finemque
1368 2362 1657 2430 imponere
1682 2359 1843 2426 curis,

403 2451 775 2521 Dardaniique
799 2465 997 2520 rogum
1021 2449 1218 2518 capitis
1245 2448 1567 2518 permittere
1594 2444 1901 2502 flammae.”

403 2540 496 2595 Sic
520 2540 615 2594 ait.
689 2537 795 2592 Illa
817 2535 1048 2606 gradum
1073 2535 1256 2590 studio
1281 2535 1563 2589 celerabat
1586 2533 1735 2588 anili.

406 2628 488 2681 At
509 2625 742 2694 trepida,
772 2629 828 2679 et
851 2623 1062 2692 coeptis
1085 2622 1421 2676 immanibus
1450 2621 1624 2676 effera
1646 2620 1809 2687 Dido,

405 2713 768 2782 Sanguineam
795 2709 1024 2764 volvens
1049 2709 1243 2777 aciem,
1273 2709 1611 2778 maculisque
1636 2705 1927 2762 trementis

403 2799 683 2854 Interfusa
706 2813 889 2867 genas,
917 2803 974 2851 et
996 2795 1202 2866 pallida
1225 2801 1409 2850 morte
1431 2796 1638 2862 tutura,

405 2885 681 2942 Interiora
702 2884 902 2939 domus
926 2885 1196 2953 inrumpit
1219 2883 1425 2950 limina,
1456 2887 1513 2936 et
1538 2881 1679 2937 altos

407 2971 744 3028 Conscendit
765 2970 1066 3026 furibunda
1089 2987 1270 3040 rogos,
1299 2985 1595 3038 ensemque
1620 2967 1855 3022 recludit

405 3057 764 3128 Dardanium,
791 3073 907 3112 nou
932 3058 1036 3112 hos
1063 3058 1370 3128 quaesitum
1395 3073 1597 3111 munus
1622 3055 1679 3110 in
1702 3071 1849 3109 usus·

408 3147 530 3214 Hic,
555 3151 849 3216 postquam
875 3145 1070 3200 Iliacas
1095 3150 1278 3198 vestes
1299 3149 1603 3212 notumque
1626 3141 1808 3195 cubile

409 3233 728 3304 Conspexit,
754 3233 980 3302 paulum
1004 3232 1243 3286 lacrimis
1267 3237 1324 3284 et
1349 3235 1535 3284 mente
1560 3234 1791 3295 morata,

408 3322 766 3390 Incubuitque
779 3325 915 3387 toro,
926 3318 1174 3386 dixitque
1197 3315 1498 3370 novissima
1521 3315 1719 3369 verba:

413 3410 446 3438 ‘⁸
463 3407 668 3463 Dulces
693 3406 938 3472 exuviae,
969 3403 1102 3457 dum
1125 3403 1244 3456 tata
1267 3401 1509 3470 deusque
1535 3400 1767 3466 sinebat,

413 3495 666 3566 Accipite
689 3493 833 3548 hunc
857 3490 1112 3557 animam,
1141 3504 1338 3558 meque
1361 3487 1451 3540 his
1476 3486 1745 3562 exsolvite
1768 3484 1930 3540 curis.

2318 701 2419 753 62⁰

2324 1133 2426 1187 625

2328 1568 2429 1620 630

2330 2007 2431 2060 635

2338 3312 2445 3365 650
