2725 3892
950 188 1226 242 VERGILI
1270 191 1600 252 AENEIDOS
1644 191 1733 244 tv.

315 352 668 425 Nequiquam
693 353 1001 421 horremus,
1031 353 1294 424 caecique
1317 353 1377 406 in
1403 353 1643 408 nubibus
1665 353 1824 422 ignes

315 441 647 496 Terrificant
673 439 888 494 animos
915 445 970 493 et
994 439 1181 493 inania
1205 455 1491 494 murmura
1514 440 1785 495 miscent?

319 527 562 597 Femina,
593 543 737 596 quae
761 525 966 580 uostris
989 541 1180 580 errans
1202 527 1262 580 in
1285 525 1491 580 finibus
1512 527 1707 581 urbem

317 613 590 683 Exiguam
615 613 796 682 pretio
822 613 1024 681 posuit,
1053 614 1140 666 cui
1167 613 1300 667 litus
1324 613 1592 668 arandum

323 700 534 772 Cuique
557 699 669 755 loci
692 699 840 770 leges
863 699 1128 768 dedimus,
1157 700 1395 754 conubia
1412 705 1605 754 nostra

321 787 585 856 Reppulit
607 803 674 842 ac
697 786 982 840 dominum
1010 786 1240 840 Aenean
1257 786 1314 840 in
1338 801 1511 854 regna
1533 787 1757 857 recepit.

323 872 397 928 Et
418 890 566 928 nunc
590 873 684 927 ille
709 873 867 928 Paris
890 889 1018 926 cum
1045 873 1304 927 semiviro
1329 873 1613 941 comitatu,

323 959 579 1015 Maeonia
601 963 850 1014 mentum
875 960 1046 1014 mitra
1068 959 1387 1029 crinemque
1408 959 1719 1014 madentem

326 1047 630 1116 Subnexus‚
659 1051 820 1116 rapto
844 1047 1090 1116 potitur:
1129 1061 1234 1100 nos
1258 1061 1491 1102 munera
1511 1047 1733 1116 templis

327 1134 542 1205 Quippe
559 1125 678 1189 'tuis
697 1134 945 1201 terimus,
973 1133 1290 1203 famamque
1314 1132 1565 1188 fovemus
1588 1133 1863 1189 inanem.'’

394 1223 615 1277 Talibus
640 1227 892 1277 orantem
917 1221 1082 1276 dictis
1106 1236 1338 1291 arasque
1363 1225 1644 1276 tenentem

327 1309 522 1364 Audiit
546 1308 912 1378 omnipotens,
943 1307 1240 1378 oculosque
1265 1307 1336 1363 ad
1363 1307 1585 1362 moenia
1609 1307 1775 1362 torsit

325 1395 498 1465 Regia
522 1401 579 1450 et
604 1395 808 1450 oblitos
829 1394 1010 1449 famae
1036 1393 1278 1448 melioris
1301 1394 1553 1450 amantis.

325 1481 462 1536 Tum
487 1482 567 1536 sic
591 1481 926 1536 Mercurium
951 1479 1264 1551 adloquitur
1287 1497 1352 1536 ac
1375 1481 1510 1536 talia
1532 1479 1786 1538 mandat:

329 1567 538 1624 “Vade
561 1585 678 1638 age,
705 1572 850 1636 nate,
881 1583 1020 1622 voca
1041 1567 1324 1638 Zephyros
1347 1574 1405 1622 et
1426 1567 1611 1623 labere
1634 1568 1843 1638 pennis,

325 1654 772 1726 Dardaniumque
797 1653 1008 1722 ducem,
1037 1654 1206 1723 Tyria
1229 1653 1573 1724 Karthagine
1599 1655 1691 1724 qui
1716 1671 1861 1710 nunc

323 1741 639 1812 Exspectat,
670 1742 912 1812 satisque
934 1742 1092 1798 datas
1115 1759 1226 1799 non
1252 1745 1481 1814 respicit
1502 1745 1680 1812 urbae,

325 1829 643 1899 Adloquere
671 1834 731 1883 et
753 1828 949 1884 celeris
971 1829 1126 1886 defer
1149 1847 1274 1886 mea
1297 1831 1447 1886 dicta
1472 1847 1571 1901 per
1594 1848 1771 1885 auras.

327 1917 454 1973 Nou
479 1919 632 1974 illum
657 1919 818 1974 nobis
842 1921 1098 1988 genetrix
1123 1921 1495 1990 pulcherrima
1517 1919 1687 1976 talem

325 2006 588 2064 Promisit
613 2007 952 2079 Graiumque
973 2009 1100 2064 ideo
1124 2009 1208 2062 bis
1233 2007 1479 2062 vindicat
1505 2008 1699 2075 armis3

326 2092 436 2148 Sed
459 2094 598 2163 tore,
625 2095 719 2166 qui
743 2095 1028 2166 gravidam
1051 2095 1296 2165 imperiis
1318 2093 1571 2164 belloque
1604 2094 1933 2148 frementem

327 2180 542 2235 Italiam
569 2186 800 2250 regeret,
831 2199 1006 2252 genus
1031 2180 1146 2236 alto
1171 2197 1204 2236 a
1229 2180 1497 2250 sauguine
1522 2179 1717 2234 Teucri

327 2264 610 2335 Proderet,
640 2284 705 2323 ac
729 2273 908 2324 totum
934 2269 1038 2325 sub
1056 2269 1207 2338 leges
1231 2269 1479 2324 mitteret
1504 2267 1711 2322 orbem.

327 2352 386 2408 Si
409 2354 562 2409 nulla
585 2357 840 2412 accendit
863 2361 1146 2412 tantarum
1171 2356 1350 2426 gloria
1374 2371 1559 2412 rerum

327 2437 446 2496 Nee
471 2457 634 2512 super
659 2442 778 2513 ipse
801 2459 900 2498 sua
923 2443 1150 2500 molitur
1173 2441 1336 2500 laude
1358 2444 1621 2512 laborem,

325 2526 640 2583 Ascanione
661 2533 820 2598 pater
844 2528 1126 2586 Romanas
1149 2531 1364 2587 invidet
1390 2531 1579 2586 arces?

326 2613 475 2680 Quid
498 2616 700 2672 struit?
739 2621 836 2672 aut
860 2633 970 2686 qua
993 2633 1106 2687 spe,
1135 2618 1360 2673 inimica
1382 2619 1440 2672 in
1466 2623 1647 2688 gente,
1672 2621 1939 2685 moratur,

325 2699 446 2756 Nec
469 2702 680 2771 prolem
705 2702 1014 2759 Ausoniam
1039 2712 1098 2759 et
1119 2705 1352 2760 Lavinia
1376 2706 1601 2776 respicit
1625 2704 1791 2760 arva?

323 2785 594 2858 Naviget:
633 2789 774 2845 haec
797 2807 1011 2846 summa
1035 2795 1148 2859 est3
1189 2791 1280 2846 hic
1305 2791 1482 2846 nostri
1506 2791 1734 2846 nuntius
1757 2787 1935 2844 esto.”

394 2874 644 2932 Dixerat.
717 2875 822 2932 Ille
846 2879 1020 2947 patris
1045 2879 1228 2947 magni
1255 2895 1451 2948 parere
1474 2878 1707 2947 parabat

324 2960 596 3032 Imperio:
637 2967 695 3017 et
719 2965 960 3034 primum
984 2965 1220 3034 pedibus
1243 2965 1437 3020 talaria
1460 2965 1649 3028 nectit,

323 3047 528 3117 Aurea,
557 3066 698 3120 quae
722 3050 1010 3106 sublimem
1039 3051 1140 3106 alis
1164 3052 1280 3106 sive
1305 3067 1547 3121 aequora
1569 3067 1737 3121 supra

325 3134 432 3190 Seu
449 3141 656 3191 terram
681 3135 878 3206 rapido
901 3138 1110 3207 pariter
1133 3153 1258 3192 cum
1281 3137 1505 3192 fiamine
1526 3141 1755 3206 portant
1771 3154 1798 3205 ς,

323 3219 460 3276 Tum
484 3221 698 3292 virgam
725 3223 1050 3292 capit—hac
1073 3225 1286 3278 animas
1309 3223 1403 3278 ille
1428 3227 1623 3278 evocat
1647 3222 1794 3277 Orco

323 3305 606 3377 Pallentis,
626 3309 760 3364 alias
784 3307 888 3363 sub
911 3307 1136 3364 Tartara
1161 3310 1342 3364 tristia
1365 3310 1559 3379 mittit,

321 3391 434 3450 Dat
457 3411 684 3451 somnos
705 3394 1024 3466 adimitque,
1051 3401 1110 3450 et
1131 3396 1344 3450 lumina
1366 3401 1545 3450 morte
1572 3395 1905 3464 resignat.—

321 3478 424 3536 Illa
447 3483 630 3536 fretus
653 3481 768 3550 agit
789 3488 1006 3550 ventos,
1033 3487 1092 3536 et
1115 3482 1336 3536 turbida
1363 3487 1550 3536 tranat

2252 441 2359 494 210

2254 876 2357 929 215

2250 1311 2359 1364 220

2254 1746 2356 1798 225

2250 2181 2357 2234 280

2250 2615 2357 2669 285

2256 3471 2361 3522 245
