<?xml version="1.0" encoding="UTF-8"?>
<!DOCTYPE html PUBLIC "-//W3C//DTD XHTML 1.0 Transitional//EN"
    "http://www.w3.org/TR/xhtml1/DTD/xhtml1-transitional.dtd">
<html xmlns="http://www.w3.org/1999/xhtml" xml:lang="en" lang="en">
 <head>
  <title>
</title>
<meta http-equiv="Content-Type" content="text/html;charset=utf-8" />
  <meta name='ocr-system' content='tesseract 3.04.00' />
  <meta name='ocr-capabilities' content='ocr_page ocr_carea ocr_par ocr_line ocrx_word'/>
</head>
<body>
  <div class='ocr_page' id='page_1' title='image "arevisedtextpoe01virggoog_0129.png"; bbox 0 0 2725 3892; ppageno 0'>
   <div class='ocr_carea' id='block_1_1' title="bbox 965 211 1693 264">
    <p class='ocr_par' dir='ltr' id='par_1_1' title="bbox 965 211 1693 264">
     <span class='ocr_line' id='line_1_1' title="bbox 965 211 1693 264; baseline 0.003 -4"><span class='ocrx_word' id='word_1_1' title='bbox 965 211 1239 263; x_wconf 68' lang='lat' dir='ltr'><strong>vamum</strong></span> <span class='ocrx_word' id='word_1_2' title='bbox 1283 211 1613 264; x_wconf 60' lang='lat' dir='ltr'><strong>mames</strong></span> <span class='ocrx_word' id='word_1_3' title='bbox 1657 213 1693 263; x_wconf 88' lang='lat'><strong>1.</strong></span> 
     </span>
    </p>
   </div>
   <div class='ocr_carea' id='block_1_2' title="bbox 212 375 2346 3476">
    <p class='ocr_par' dir='ltr' id='par_1_2' title="bbox 212 375 2346 3476">
     <span class='ocr_line' id='line_1_2' title="bbox 299 375 1717 450; baseline -0.003 -15"><span class='ocrx_word' id='word_1_4' title='bbox 299 379 392 435; x_wconf 82' lang='lat' dir='ltr'><strong>Sic</strong></span> <span class='ocrx_word' id='word_1_5' title='bbox 413 377 698 450; x_wconf 79' lang='lat' dir='ltr'><strong>placitum.</strong></span> <span class='ocrx_word' id='word_1_6' title='bbox 776 375 979 432; x_wconf 78' lang='lat' dir='ltr'>Veniet</span> <span class='ocrx_word' id='word_1_7' title='bbox 1001 376 1192 431; x_wconf 80' lang='lat' dir='ltr'><strong>lustris</strong></span> <span class='ocrx_word' id='word_1_8' title='bbox 1213 375 1527 431; x_wconf 84' lang='lat' dir='ltr'><strong>labentibus</strong></span> <span class='ocrx_word' id='word_1_9' title='bbox 1550 381 1717 450; x_wconf 62' lang='lat' dir='ltr'><strong>aetas,</strong></span> 
     </span>
     <span class='ocr_line' id='line_1_3' title="bbox 304 460 1837 532; baseline -0.002 -12"><span class='ocrx_word' id='word_1_10' title='bbox 304 465 446 520; x_wconf 86' lang='lat' dir='ltr'><strong>Cum</strong></span> <span class='ocrx_word' id='word_1_11' title='bbox 471 465 670 520; x_wconf 81' lang='lat' dir='ltr'><strong>domus</strong></span> <span class='ocrx_word' id='word_1_12' title='bbox 693 463 954 518; x_wconf 80' lang='lat' dir='ltr'><strong>Assaraci</strong></span> <span class='ocrx_word' id='word_1_13' title='bbox 979 460 1242 517; x_wconf 77' lang='lat' dir='ltr'><strong>Phthiam</strong></span> <span class='ocrx_word' id='word_1_14' title='bbox 1265 463 1551 532; x_wconf 79' lang='lat' dir='ltr'><strong>clarasque</strong></span> <span class='ocrx_word' id='word_1_15' title='bbox 1573 461 1837 531; x_wconf 80' lang='lat' dir='ltr'><strong>Mycenas</strong></span> 
     </span>
     <span class='ocr_line' id='line_1_4' title="bbox 305 549 2338 621; baseline -0 -15"><span class='ocrx_word' id='word_1_16' title='bbox 305 551 544 606; x_wconf 84' lang='lat' dir='ltr'><strong>Servitio</strong></span> <span class='ocrx_word' id='word_1_17' title='bbox 567 554 786 621; x_wconf 85' lang='lat' dir='ltr'><strong>premet</strong></span> <span class='ocrx_word' id='word_1_18' title='bbox 809 566 872 604; x_wconf 92' lang='lat' dir='ltr'><strong>ac</strong></span> <span class='ocrx_word' id='word_1_19' title='bbox 895 549 1057 604; x_wconf 80' lang='lat' dir='ltr'><strong>victis</strong></span> <span class='ocrx_word' id='word_1_20' title='bbox 1079 549 1459 604; x_wconf 74' lang='lat' dir='ltr'><strong>dominabitur</strong></span> <span class='ocrx_word' id='word_1_21' title='bbox 1482 551 1666 618; x_wconf 82' lang='lat' dir='ltr'><strong>Argis.</strong></span> <span class='ocrx_word' id='word_1_22' title='bbox 2234 551 2338 606; x_wconf 73' lang='lat'><strong>285</strong></span> 
     </span>
     <span class='ocr_line' id='line_1_5' title="bbox 305 624 1608 707; baseline -0.002 -15"><span class='ocrx_word' id='word_1_23' title='bbox 305 636 577 694; x_wconf 72' lang='lat' dir='ltr'><strong>Nascetur</strong></span> <span class='ocrx_word' id='word_1_24' title='bbox 599 624 836 707; x_wconf 61' lang='lat' dir='ltr'><strong>pulchri</strong></span> <span class='ocrx_word' id='word_1_25' title='bbox 855 635 1128 700; x_wconf 80' lang='lat' dir='ltr'><strong>Troianus</strong></span> <span class='ocrx_word' id='word_1_26' title='bbox 1149 635 1366 704; x_wconf 82' lang='lat' dir='ltr'><strong>origiue</strong></span> <span class='ocrx_word' id='word_1_27' title='bbox 1390 635 1608 700; x_wconf 80' lang='lat' dir='ltr'><strong>Caesar,</strong></span> 
     </span>
     <span class='ocr_line' id='line_1_6' title="bbox 306 717 1713 794; baseline -0.001 -16"><span class='ocrx_word' id='word_1_28' title='bbox 306 723 607 794; x_wconf 79' lang='lat' dir='ltr'><strong>Imperium</strong></span> <span class='ocrx_word' id='word_1_29' title='bbox 633 722 870 791; x_wconf 87' lang='lat' dir='ltr'><strong>Oceano,</strong></span> <span class='ocrx_word' id='word_1_30' title='bbox 897 722 1104 777; x_wconf 73' lang='lat' dir='ltr'><strong>famam</strong></span> <span class='ocrx_word' id='word_1_31' title='bbox 1133 723 1224 791; x_wconf 90' lang='lat' dir='ltr'><strong>qui</strong></span> <span class='ocrx_word' id='word_1_32' title='bbox 1249 717 1513 776; x_wconf 81' lang='lat' dir='ltr'><strong>terminet</strong></span> <span class='ocrx_word' id='word_1_33' title='bbox 1534 723 1713 790; x_wconf 84' lang='lat' dir='ltr'><strong>astris,</strong></span> 
     </span>
     <span class='ocr_line' id='line_1_7' title="bbox 307 805 1491 878; baseline -0.003 -14"><span class='ocrx_word' id='word_1_34' title='bbox 307 810 494 876; x_wconf 65' lang='lat' dir='ltr'><strong>lulius,</strong></span> <span class='ocrx_word' id='word_1_35' title='bbox 521 825 556 864; x_wconf 88' lang='lat' dir='ltr'><strong>a</strong></span> <span class='ocrx_word' id='word_1_36' title='bbox 575 826 778 878; x_wconf 83' lang='lat' dir='ltr'><strong>magno</strong></span> <span class='ocrx_word' id='word_1_37' title='bbox 802 805 1098 864; x_wconf 79' lang='lat' dir='ltr'><strong>demissum</strong></span> <span class='ocrx_word' id='word_1_38' title='bbox 1122 823 1326 862; x_wconf 88' lang='lat' dir='ltr'><strong>nomen</strong></span> <span class='ocrx_word' id='word_1_39' title='bbox 1352 808 1491 862; x_wconf 90' lang='lat' dir='ltr'><strong>Iulo.</strong></span> 
     </span>
     <span class='ocr_line' id='line_1_8' title="bbox 311 894 1700 965; baseline 0.001 -16"><span class='ocrx_word' id='word_1_40' title='bbox 311 896 472 950; x_wconf 86' lang='lat' dir='ltr'><strong>Hunc</strong></span> <span class='ocrx_word' id='word_1_41' title='bbox 496 901 560 949; x_wconf 84' lang='lat' dir='ltr'><strong>tu</strong></span> <span class='ocrx_word' id='word_1_42' title='bbox 584 895 712 950; x_wconf 88' lang='lat' dir='ltr'><strong>olim</strong></span> <span class='ocrx_word' id='word_1_43' title='bbox 738 895 907 964; x_wconf 81' lang='lat' dir='ltr'><strong>caelo,</strong></span> <span class='ocrx_word' id='word_1_44' title='bbox 935 895 1126 965; x_wconf 86' lang='lat' dir='ltr'><strong>spoliis</strong></span> <span class='ocrx_word' id='word_1_45' title='bbox 1151 894 1399 949; x_wconf 79' lang='lat' dir='ltr'><strong>Orientis</strong></span> <span class='ocrx_word' id='word_1_46' title='bbox 1422 901 1700 965; x_wconf 85' lang='lat' dir='ltr'><strong>onustum,</strong></span> 
     </span>
     <span class='ocr_line' id='line_1_9' title="bbox 309 981 2340 1051; baseline -0 -15"><span class='ocrx_word' id='word_1_47' title='bbox 309 983 566 1050; x_wconf 77' lang='lat' dir='ltr'><strong>Accipies</strong></span> <span class='ocrx_word' id='word_1_48' title='bbox 589 997 808 1048; x_wconf 76' lang='lat' dir='ltr'><strong>secura3</strong></span> <span class='ocrx_word' id='word_1_49' title='bbox 852 982 1142 1036; x_wconf 83' lang='lat' dir='ltr'><strong>vocabitur</strong></span> <span class='ocrx_word' id='word_1_50' title='bbox 1164 981 1258 1036; x_wconf 88' lang='lat' dir='ltr'><strong>hic</strong></span> <span class='ocrx_word' id='word_1_51' title='bbox 1283 996 1503 1051; x_wconf 85' lang='lat' dir='ltr'><strong>quoque</strong></span> <span class='ocrx_word' id='word_1_52' title='bbox 1529 983 1689 1036; x_wconf 84' lang='lat' dir='ltr'><strong>votis.</strong></span> <span class='ocrx_word' id='word_1_53' title='bbox 2236 985 2340 1036; x_wconf 76' lang='lat'><strong>290</strong></span> 
     </span>
     <span class='ocr_line' id='line_1_10' title="bbox 307 1067 1651 1138; baseline 0 -16"><span class='ocrx_word' id='word_1_54' title='bbox 307 1069 524 1138; x_wconf 87' lang='lat' dir='ltr'><strong>Aspera</strong></span> <span class='ocrx_word' id='word_1_55' title='bbox 546 1073 668 1121; x_wconf 85' lang='lat' dir='ltr'><strong>tum</strong></span> <span class='ocrx_word' id='word_1_56' title='bbox 690 1067 888 1136; x_wconf 83' lang='lat' dir='ltr'><strong>positis</strong></span> <span class='ocrx_word' id='word_1_57' title='bbox 910 1068 1200 1122; x_wconf 72' lang='lat' dir='ltr'><strong>mitescent</strong></span> <span class='ocrx_word' id='word_1_58' title='bbox 1221 1067 1441 1122; x_wconf 85' lang='lat' dir='ltr'><strong>saecula</strong></span> <span class='ocrx_word' id='word_1_59' title='bbox 1464 1067 1651 1132; x_wconf 73' lang='lat' dir='ltr'><strong>bellis:</strong></span> 
     </span>
     <span class='ocr_line' id='line_1_11' title="bbox 308 1153 1823 1224; baseline 0 -15"><span class='ocrx_word' id='word_1_60' title='bbox 308 1153 463 1209; x_wconf 87' lang='lat' dir='ltr'><strong>Oana</strong></span> <span class='ocrx_word' id='word_1_61' title='bbox 485 1153 661 1222; x_wconf 82' lang='lat' dir='ltr'><strong>Fides,</strong></span> <span class='ocrx_word' id='word_1_62' title='bbox 688 1159 747 1208; x_wconf 84' lang='lat' dir='ltr'><strong>et</strong></span> <span class='ocrx_word' id='word_1_63' title='bbox 770 1153 963 1222; x_wconf 83' lang='lat' dir='ltr'><strong>Vesta,</strong></span> <span class='ocrx_word' id='word_1_64' title='bbox 992 1153 1172 1208; x_wconf 84' lang='lat' dir='ltr'><strong>Remo</strong></span> <span class='ocrx_word' id='word_1_65' title='bbox 1193 1169 1320 1208; x_wconf 86' lang='lat' dir='ltr'><strong>oum</strong></span> <span class='ocrx_word' id='word_1_66' title='bbox 1344 1155 1517 1210; x_wconf 70' lang='lat' dir='ltr'><strong>statre</strong></span> <span class='ocrx_word' id='word_1_67' title='bbox 1542 1155 1823 1224; x_wconf 77' lang='lat' dir='ltr'><strong>Quirinus,</strong></span> 
     </span>
     <span class='ocr_line' id='line_1_12' title="bbox 307 1239 1691 1311; baseline 0.001 -17"><span class='ocrx_word' id='word_1_68' title='bbox 307 1239 440 1294; x_wconf 86' lang='lat' dir='ltr'><strong>Iura</strong></span> <span class='ocrx_word' id='word_1_69' title='bbox 462 1239 704 1309; x_wconf 82' lang='lat' dir='ltr'><strong>dabunt3</strong></span> <span class='ocrx_word' id='word_1_70' title='bbox 744 1239 898 1294; x_wconf 84' lang='lat' dir='ltr'><strong>dirae</strong></span> <span class='ocrx_word' id='word_1_71' title='bbox 920 1240 1070 1296; x_wconf 85' lang='lat' dir='ltr'><strong>ferro</strong></span> <span class='ocrx_word' id='word_1_72' title='bbox 1093 1246 1154 1294; x_wconf 88' lang='lat' dir='ltr'><strong>et</strong></span> <span class='ocrx_word' id='word_1_73' title='bbox 1175 1242 1532 1311; x_wconf 71' lang='lat' dir='ltr'><strong>compagibus</strong></span> <span class='ocrx_word' id='word_1_74' title='bbox 1554 1244 1691 1297; x_wconf 88' lang='lat' dir='ltr'><strong>artis</strong></span> 
     </span>
     <span class='ocr_line' id='line_1_13' title="bbox 307 1323 1675 1398; baseline 0.001 -17"><span class='ocrx_word' id='word_1_75' title='bbox 307 1325 650 1381; x_wconf 85' lang='lat' dir='ltr'><strong>Olaudentur</strong></span> <span class='ocrx_word' id='word_1_76' title='bbox 667 1323 808 1380; x_wconf 89' lang='lat' dir='ltr'><strong>Belli</strong></span> <span class='ocrx_word' id='word_1_77' title='bbox 831 1331 1026 1395; x_wconf 83' lang='lat' dir='ltr'><strong>portae</strong></span> <span class='ocrx_word' id='word_1_78' title='bbox 1044 1346 1058 1394; x_wconf 82' lang='lat'>3</span> <span class='ocrx_word' id='word_1_79' title='bbox 1099 1326 1276 1382; x_wconf 80' lang='lat' dir='ltr'><strong>Furor</strong></span> <span class='ocrx_word' id='word_1_80' title='bbox 1299 1327 1503 1398; x_wconf 87' lang='lat' dir='ltr'><strong>impius</strong></span> <span class='ocrx_word' id='word_1_81' title='bbox 1524 1329 1675 1382; x_wconf 83' lang='lat' dir='ltr'><strong>intus</strong></span> 
     </span>
     <span class='ocr_line' id='line_1_14' title="bbox 306 1411 2339 1481; baseline 0.001 -13"><span class='ocrx_word' id='word_1_82' title='bbox 306 1413 484 1468; x_wconf 82' lang='lat' dir='ltr'><strong>Saeva</strong></span> <span class='ocrx_word' id='word_1_83' title='bbox 499 1411 698 1466; x_wconf 86' lang='lat' dir='ltr'><strong>sedens</strong></span> <span class='ocrx_word' id='word_1_84' title='bbox 719 1427 884 1481; x_wconf 84' lang='lat' dir='ltr'><strong>super</strong></span> <span class='ocrx_word' id='word_1_85' title='bbox 907 1428 1060 1467; x_wconf 84' lang='lat' dir='ltr'><strong>arma</strong></span> <span class='ocrx_word' id='word_1_86' title='bbox 1083 1419 1142 1467; x_wconf 88' lang='lat' dir='ltr'><strong>et</strong></span> <span class='ocrx_word' id='word_1_87' title='bbox 1167 1417 1391 1468; x_wconf 85' lang='lat' dir='ltr'><strong>centum</strong></span> <span class='ocrx_word' id='word_1_88' title='bbox 1416 1415 1633 1469; x_wconf 79' lang='lat' dir='ltr'><strong>vinctus</strong></span> <span class='ocrx_word' id='word_1_89' title='bbox 1658 1415 1813 1470; x_wconf 74' lang='lat' dir='ltr'><strong>aenis</strong></span> <span class='ocrx_word' id='word_1_90' title='bbox 2234 1419 2339 1471; x_wconf 72' lang='lat'><strong>295</strong></span> 
     </span>
     <span class='ocr_line' id='line_1_15' title="bbox 305 1497 2089 1568; baseline 0.001 -14"><span class='ocrx_word' id='word_1_91' title='bbox 305 1499 444 1554; x_wconf 84' lang='lat' dir='ltr'><strong>Post</strong></span> <span class='ocrx_word' id='word_1_92' title='bbox 467 1505 685 1568; x_wconf 83' lang='lat' dir='ltr'><strong>tergum</strong></span> <span class='ocrx_word' id='word_1_93' title='bbox 709 1497 872 1552; x_wconf 82' lang='lat' dir='ltr'><strong>nodis</strong></span> <span class='ocrx_word' id='word_1_94' title='bbox 893 1497 1100 1554; x_wconf 76' lang='lat' dir='ltr'><strong>fremet</strong></span> <span class='ocrx_word' id='word_1_95' title='bbox 1123 1499 1383 1554; x_wconf 83' lang='lat' dir='ltr'><strong>horridus</strong></span> <span class='ocrx_word' id='word_1_96' title='bbox 1406 1517 1503 1555; x_wconf 87' lang='lat' dir='ltr'><strong>ore</strong></span> <span class='ocrx_word' id='word_1_97' title='bbox 1529 1501 1817 1556; x_wconf 83' lang='lat' dir='ltr'><strong>cruent0.”</strong></span> <span class='ocrx_word' id='word_1_98' title='bbox 2081 1509 2089 1516; x_wconf 86' lang='grc'><strong>’</strong></span> 
     </span>
     <span class='ocr_line' id='line_1_16' title="bbox 330 1567 1699 1656; baseline 0.001 -16"><span class='ocrx_word' id='word_1_99' title='bbox 330 1588 342 1604; x_wconf 78' lang='grc'><strong>“</strong></span> <span class='ocrx_word' id='word_1_100' title='bbox 377 1585 532 1640; x_wconf 86' lang='lat' dir='ltr'><strong>Haec</strong></span> <span class='ocrx_word' id='word_1_101' title='bbox 555 1585 650 1654; x_wconf 84' lang='lat' dir='ltr'><strong>ait,</strong></span> <span class='ocrx_word' id='word_1_102' title='bbox 677 1590 736 1639; x_wconf 91' lang='lat' dir='ltr'><strong>et</strong></span> <span class='ocrx_word' id='word_1_103' title='bbox 757 1567 908 1640; x_wconf 55' lang='lat' dir='ltr'><strong>Maii*</strong></span> <span class='ocrx_word' id='word_1_104' title='bbox 927 1586 1176 1654; x_wconf 86' lang='lat' dir='ltr'><strong>genitum</strong></span> <span class='ocrx_word' id='word_1_105' title='bbox 1204 1585 1453 1640; x_wconf 83' lang='lat' dir='ltr'><strong>demittit</strong></span> <span class='ocrx_word' id='word_1_106' title='bbox 1476 1587 1545 1640; x_wconf 88' lang='lat' dir='ltr'><strong>ab</strong></span> <span class='ocrx_word' id='word_1_107' title='bbox 1571 1586 1699 1656; x_wconf 84' lang='lat' dir='ltr'><strong>alto,</strong></span> 
     </span>
     <span class='ocr_line' id='line_1_17' title="bbox 307 1671 1829 1742; baseline 0.001 -16"><span class='ocrx_word' id='word_1_108' title='bbox 307 1671 388 1726; x_wconf 84' lang='lat' dir='ltr'><strong>Ut</strong></span> <span class='ocrx_word' id='word_1_109' title='bbox 407 1676 606 1740; x_wconf 87' lang='lat' dir='ltr'><strong>terrae,</strong></span> <span class='ocrx_word' id='word_1_110' title='bbox 632 1675 804 1740; x_wconf 84' lang='lat' dir='ltr'><strong>utque</strong></span> <span class='ocrx_word' id='word_1_111' title='bbox 827 1687 1008 1727; x_wconf 86' lang='lat' dir='ltr'><strong>novae</strong></span> <span class='ocrx_word' id='word_1_112' title='bbox 1031 1677 1262 1740; x_wconf 81' lang='lat' dir='ltr'><strong>pateant</strong></span> <span class='ocrx_word' id='word_1_113' title='bbox 1287 1671 1651 1742; x_wconf 69' lang='lat' dir='ltr'><strong>Karthaginis</strong></span> <span class='ocrx_word' id='word_1_114' title='bbox 1675 1689 1829 1728; x_wconf 84' lang='lat' dir='ltr'><strong>arces</strong></span> 
     </span>
     <span class='ocr_line' id='line_1_18' title="bbox 305 1755 1429 1828; baseline 0.002 -16"><span class='ocrx_word' id='word_1_115' title='bbox 305 1757 566 1827; x_wconf 84' lang='lat' dir='ltr'><strong>Hospitio</strong></span> <span class='ocrx_word' id='word_1_116' title='bbox 590 1755 828 1828; x_wconf 87' lang='lat' dir='ltr'><strong>Teucris,</strong></span> <span class='ocrx_word' id='word_1_117' title='bbox 853 1773 928 1812; x_wconf 88' lang='lat' dir='ltr'><strong>ne</strong></span> <span class='ocrx_word' id='word_1_118' title='bbox 950 1757 1056 1814; x_wconf 75' lang='lat' dir='ltr'><strong>tati</strong></span> <span class='ocrx_word' id='word_1_119' title='bbox 1072 1759 1260 1814; x_wconf 83' lang='lat' dir='ltr'><strong>nescia</strong></span> <span class='ocrx_word' id='word_1_120' title='bbox 1279 1759 1429 1814; x_wconf 85' lang='lat' dir='ltr'><strong>Dido</strong></span> 
     </span>
     <span class='ocr_line' id='line_1_19' title="bbox 305 1843 2344 1916; baseline 0.002 -18"><span class='ocrx_word' id='word_1_121' title='bbox 305 1844 536 1899; x_wconf 84' lang='lat' dir='ltr'><strong>Finibus</strong></span> <span class='ocrx_word' id='word_1_122' title='bbox 557 1848 788 1900; x_wconf 86' lang='lat' dir='ltr'><strong>arceret.</strong></span> <span class='ocrx_word' id='word_1_123' title='bbox 863 1843 1038 1900; x_wconf 84' lang='lat' dir='ltr'><strong>Volat</strong></span> <span class='ocrx_word' id='word_1_124' title='bbox 1062 1844 1156 1900; x_wconf 88' lang='lat' dir='ltr'><strong>ille</strong></span> <span class='ocrx_word' id='word_1_125' title='bbox 1179 1861 1280 1916; x_wconf 85' lang='lat' dir='ltr'><strong>per</strong></span> <span class='ocrx_word' id='word_1_126' title='bbox 1304 1855 1435 1902; x_wconf 74' lang='lat' dir='ltr'><strong>aera</strong></span> <span class='ocrx_word' id='word_1_127' title='bbox 1456 1863 1719 1916; x_wconf 83' lang='lat' dir='ltr'><strong>magnum</strong></span> <span class='ocrx_word' id='word_1_128' title='bbox 2236 1851 2344 1902; x_wconf 80' lang='lat'><strong>800</strong></span> 
     </span>
     <span class='ocr_line' id='line_1_20' title="bbox 306 1929 1977 2002; baseline 0.004 -17"><span class='ocrx_word' id='word_1_129' title='bbox 306 1930 562 2002; x_wconf 77' lang='lat' dir='ltr'><strong>Remigio</strong></span> <span class='ocrx_word' id='word_1_130' title='bbox 585 1929 812 2000; x_wconf 78' lang='lat' dir='ltr'><strong>alarum,</strong></span> <span class='ocrx_word' id='word_1_131' title='bbox 839 1947 905 1988; x_wconf 83' lang='lat' dir='ltr'><strong>ac</strong></span> <span class='ocrx_word' id='word_1_132' title='bbox 927 1931 1134 2000; x_wconf 73' lang='lat' dir='ltr'><strong>Libyae</strong></span> <span class='ocrx_word' id='word_1_133' title='bbox 1157 1934 1300 1988; x_wconf 87' lang='lat' dir='ltr'><strong>citus</strong></span> <span class='ocrx_word' id='word_1_134' title='bbox 1326 1934 1503 1990; x_wconf 79' lang='lat' dir='ltr'><strong>astitit</strong></span> <span class='ocrx_word' id='word_1_135' title='bbox 1527 1935 1655 1990; x_wconf 83' lang='lat' dir='ltr'><strong>oris.</strong></span> <span class='ocrx_word' id='word_1_136' title='bbox 1954 1941 1977 1974; x_wconf 65' lang='grc' dir='ltr'>Ί</span> 
     </span>
     <span class='ocr_line' id='line_1_21' title="bbox 305 2013 1977 2090; baseline 0.002 -18"><span class='ocrx_word' id='word_1_137' title='bbox 305 2017 385 2073; x_wconf 80' lang='lat' dir='ltr'><strong>Et</strong></span> <span class='ocrx_word' id='word_1_138' title='bbox 405 2018 517 2072; x_wconf 89' lang='lat' dir='ltr'><strong>iam</strong></span> <span class='ocrx_word' id='word_1_139' title='bbox 541 2018 690 2073; x_wconf 83' lang='lat' dir='ltr'><strong>iussa</strong></span> <span class='ocrx_word' id='word_1_140' title='bbox 710 2018 862 2087; x_wconf 72' lang='lat' dir='ltr'><strong>tacit,</strong></span> <span class='ocrx_word' id='word_1_141' title='bbox 889 2025 1216 2090; x_wconf 75' lang='lat' dir='ltr'><strong>ponuntque</strong></span> <span class='ocrx_word' id='word_1_142' title='bbox 1237 2020 1451 2076; x_wconf 74' lang='lat' dir='ltr'><strong>ferocia</strong></span> <span class='ocrx_word' id='word_1_143' title='bbox 1474 2021 1649 2075; x_wconf 88' lang='lat' dir='ltr'><strong>Poeni</strong></span> <span class='ocrx_word' id='word_1_144' title='bbox 1970 2013 1977 2020; x_wconf 49' lang='lat'><em>⁶</em></span> 
     </span>
     <span class='ocr_line' id='line_1_22' title="bbox 306 2105 1708 2177; baseline 0.001 -17"><span class='ocrx_word' id='word_1_145' title='bbox 306 2105 494 2162; x_wconf 82' lang='lat' dir='ltr'><strong>Corda</strong></span> <span class='ocrx_word' id='word_1_146' title='bbox 516 2105 744 2164; x_wconf 79' lang='lat' dir='ltr'><strong>volente</strong></span> <span class='ocrx_word' id='word_1_147' title='bbox 765 2105 904 2177; x_wconf 75' lang='lat'>&lt;1003</span> <span class='ocrx_word' id='word_1_148' title='bbox 941 2107 1001 2162; x_wconf 91' lang='lat' dir='ltr'><strong>in</strong></span> <span class='ocrx_word' id='word_1_149' title='bbox 1025 2107 1222 2176; x_wconf 85' lang='lat' dir='ltr'><strong>primis</strong></span> <span class='ocrx_word' id='word_1_150' title='bbox 1241 2107 1437 2175; x_wconf 83' lang='lat' dir='ltr'><strong>regina</strong></span> <span class='ocrx_word' id='word_1_151' title='bbox 1459 2108 1708 2177; x_wconf 84' lang='lat' dir='ltr'><strong>quietum</strong></span> 
     </span>
     <span class='ocr_line' id='line_1_23' title="bbox 305 2193 1927 2264; baseline 0.001 -16"><span class='ocrx_word' id='word_1_152' title='bbox 305 2193 533 2264; x_wconf 86' lang='lat' dir='ltr'><strong>Accipit</strong></span> <span class='ocrx_word' id='word_1_153' title='bbox 555 2195 615 2248; x_wconf 92' lang='lat' dir='ltr'><strong>in</strong></span> <span class='ocrx_word' id='word_1_154' title='bbox 640 2193 878 2250; x_wconf 88' lang='lat' dir='ltr'><strong>Teucros</strong></span> <span class='ocrx_word' id='word_1_155' title='bbox 901 2195 1144 2249; x_wconf 82' lang='lat' dir='ltr'><strong>animum</strong></span> <span class='ocrx_word' id='word_1_156' title='bbox 1164 2199 1523 2263; x_wconf 87' lang='lat' dir='ltr'><strong>mentemque</strong></span> <span class='ocrx_word' id='word_1_157' title='bbox 1544 2193 1858 2262; x_wconf 86' lang='lat' dir='ltr'><strong>benignam.</strong></span> <span class='ocrx_word' id='word_1_158' title='bbox 1919 2204 1927 2220; x_wconf 82' lang='lat'><em>¹</em></span> 
     </span>
     <span class='ocr_line' id='line_1_24' title="bbox 212 2267 2343 2394; baseline 0.001 -60"><span class='ocrx_word' id='word_1_159' title='bbox 212 2267 280 2394; x_wconf 66' lang='grc' dir='ltr'><em>γ</em></span> <span class='ocrx_word' id='word_1_160' title='bbox 377 2281 461 2335; x_wconf 77' lang='lat' dir='ltr'><strong>At</strong></span> <span class='ocrx_word' id='word_1_161' title='bbox 484 2281 609 2349; x_wconf 85' lang='lat' dir='ltr'><strong>pius</strong></span> <span class='ocrx_word' id='word_1_162' title='bbox 631 2280 869 2350; x_wconf 79' lang='lat' dir='ltr'><strong>Aeneas,</strong></span> <span class='ocrx_word' id='word_1_163' title='bbox 895 2297 996 2351; x_wconf 87' lang='lat' dir='ltr'><strong>per</strong></span> <span class='ocrx_word' id='word_1_164' title='bbox 1015 2285 1239 2336; x_wconf 87' lang='lat' dir='ltr'><strong>noctem</strong></span> <span class='ocrx_word' id='word_1_165' title='bbox 1261 2279 1505 2350; x_wconf 78' lang='lat' dir='ltr'><strong>plurima</strong></span> <span class='ocrx_word' id='word_1_166' title='bbox 1526 2279 1769 2348; x_wconf 81' lang='lat' dir='ltr'><strong>volvens,</strong></span> <span class='ocrx_word' id='word_1_167' title='bbox 2240 2283 2343 2336; x_wconf 73' lang='lat'><strong>806</strong></span> 
     </span>
     <span class='ocr_line' id='line_1_25' title="bbox 307 2365 1683 2437; baseline -0.001 -16"><span class='ocrx_word' id='word_1_168' title='bbox 307 2367 388 2422; x_wconf 83' lang='lat' dir='ltr'><strong>Ut</strong></span> <span class='ocrx_word' id='word_1_169' title='bbox 410 2365 652 2437; x_wconf 84' lang='lat' dir='ltr'><strong>primum</strong></span> <span class='ocrx_word' id='word_1_170' title='bbox 674 2367 771 2421; x_wconf 81' lang='lat' dir='ltr'><strong>lux</strong></span> <span class='ocrx_word' id='word_1_171' title='bbox 795 2366 942 2422; x_wconf 73' lang='lat' dir='ltr'><strong>alma</strong></span> <span class='ocrx_word' id='word_1_172' title='bbox 963 2367 1098 2422; x_wconf 84' lang='lat' dir='ltr'><strong>data</strong></span> <span class='ocrx_word' id='word_1_173' title='bbox 1119 2371 1218 2436; x_wconf 80' lang='lat' dir='ltr'><strong>est,</strong></span> <span class='ocrx_word' id='word_1_174' title='bbox 1247 2367 1400 2422; x_wconf 84' lang='lat' dir='ltr'><strong>exire</strong></span> <span class='ocrx_word' id='word_1_175' title='bbox 1420 2367 1683 2435; x_wconf 82' lang='lat' dir='ltr'><strong>locosque</strong></span> 
     </span>
     <span class='ocr_line' id='line_1_26' title="bbox 303 2453 1656 2525; baseline 0.002 -17"><span class='ocrx_word' id='word_1_176' title='bbox 303 2453 612 2524; x_wconf 74' lang='lat' dir='ltr'><strong>Explorate</strong></span> <span class='ocrx_word' id='word_1_177' title='bbox 633 2469 826 2525; x_wconf 86' lang='lat' dir='ltr'><strong>novos,</strong></span> <span class='ocrx_word' id='word_1_178' title='bbox 853 2469 989 2524; x_wconf 80' lang='lat' dir='ltr'><strong>quas</strong></span> <span class='ocrx_word' id='word_1_179' title='bbox 1010 2459 1180 2510; x_wconf 77' lang='lat' dir='ltr'><strong>vento</strong></span> <span class='ocrx_word' id='word_1_180' title='bbox 1203 2453 1495 2509; x_wconf 76' lang='lat' dir='ltr'><strong>accesserit</strong></span> <span class='ocrx_word' id='word_1_181' title='bbox 1517 2469 1656 2522; x_wconf 75' lang='lat' dir='ltr'><strong>oras,</strong></span> 
     </span>
     <span class='ocr_line' id='line_1_27' title="bbox 306 2540 1885 2612; baseline -0.001 -15"><span class='ocrx_word' id='word_1_182' title='bbox 306 2542 416 2609; x_wconf 83' lang='lat' dir='ltr'><strong>Qui</strong></span> <span class='ocrx_word' id='word_1_183' title='bbox 440 2545 680 2612; x_wconf 85' lang='lat' dir='ltr'><strong>teneant,</strong></span> <span class='ocrx_word' id='word_1_184' title='bbox 707 2557 838 2596; x_wconf 85' lang='lat' dir='ltr'><strong>nam</strong></span> <span class='ocrx_word' id='word_1_185' title='bbox 861 2540 1074 2596; x_wconf 85' lang='lat' dir='ltr'><strong>inculta</strong></span> <span class='ocrx_word' id='word_1_186' title='bbox 1097 2541 1267 2611; x_wconf 76' lang='lat' dir='ltr'><strong>videt,</strong></span> <span class='ocrx_word' id='word_1_187' title='bbox 1299 2540 1623 2596; x_wconf 82' lang='lat' dir='ltr'><strong>hominesne</strong></span> <span class='ocrx_word' id='word_1_188' title='bbox 1646 2541 1885 2609; x_wconf 72' lang='lat' dir='ltr'><strong>fei-aene,</strong></span> 
     </span>
     <span class='ocr_line' id='line_1_28' title="bbox 307 2628 1679 2698; baseline -0.001 -15"><span class='ocrx_word' id='word_1_189' title='bbox 307 2629 583 2694; x_wconf 75' lang='lat' dir='ltr'><strong>Quaerere</strong></span> <span class='ocrx_word' id='word_1_190' title='bbox 605 2628 910 2697; x_wconf 86' lang='lat' dir='ltr'><strong>constituit,</strong></span> <span class='ocrx_word' id='word_1_191' title='bbox 937 2629 1210 2698; x_wconf 84' lang='lat' dir='ltr'><strong>sociisque</strong></span> <span class='ocrx_word' id='word_1_192' title='bbox 1233 2634 1431 2684; x_wconf 78' lang='lat' dir='ltr'><strong>exacta</strong></span> <span class='ocrx_word' id='word_1_193' title='bbox 1453 2628 1679 2682; x_wconf 75' lang='lat' dir='ltr'><strong>referre.</strong></span> 
     </span>
     <span class='ocr_line' id='line_1_29' title="bbox 307 2707 2343 2784; baseline 0 -15"><span class='ocrx_word' id='word_1_194' title='bbox 307 2714 550 2769; x_wconf 82' lang='lat' dir='ltr'><strong>Classem</strong></span> <span class='ocrx_word' id='word_1_195' title='bbox 573 2715 634 2768; x_wconf 91' lang='lat' dir='ltr'><strong>in</strong></span> <span class='ocrx_word' id='word_1_196' title='bbox 658 2707 910 2770; x_wconf 77' lang='lat' dir='ltr'><strong>convexo</strong></span> <span class='ocrx_word' id='word_1_197' title='bbox 933 2729 1224 2769; x_wconf 85' lang='lat' dir='ltr'><strong>nemorum</strong></span> <span class='ocrx_word' id='word_1_198' title='bbox 1249 2716 1352 2770; x_wconf 89' lang='lat' dir='ltr'><strong>sub</strong></span> <span class='ocrx_word' id='word_1_199' title='bbox 1376 2711 1517 2784; x_wconf 72' lang='lat' dir='ltr'><strong>rupe</strong></span> <span class='ocrx_word' id='word_1_200' title='bbox 1543 2718 1741 2768; x_wconf 78' lang='lat' dir='ltr'><strong>cavata</strong></span> <span class='ocrx_word' id='word_1_201' title='bbox 2238 2717 2343 2770; x_wconf 83' lang='lat'><strong>810</strong></span> 
     </span>
     <span class='ocr_line' id='line_1_30' title="bbox 308 2792 1917 2887; baseline 0.001 -33"><span class='ocrx_word' id='word_1_202' title='bbox 308 2800 616 2856; x_wconf 79' lang='lat' dir='ltr'><strong>Arboribus</strong></span> <span class='ocrx_word' id='word_1_203' title='bbox 639 2792 876 2856; x_wconf 74' lang='lat' dir='ltr'><strong>clausam</strong></span> <span class='ocrx_word' id='word_1_204' title='bbox 901 2801 1110 2856; x_wconf 82' lang='lat' dir='ltr'><strong>circum</strong></span> <span class='ocrx_word' id='word_1_205' title='bbox 1134 2799 1683 2887; x_wconf 40' lang='lat' dir='ltr'><strong>atqua-horrentibus</strong></span> <span class='ocrx_word' id='word_1_206' title='bbox 1706 2799 1917 2855; x_wconf 86' lang='lat' dir='ltr'><strong>umbris</strong></span> 
     </span>
     <span class='ocr_line' id='line_1_31' title="bbox 307 2886 1706 2957; baseline -0.001 -16"><span class='ocrx_word' id='word_1_207' title='bbox 307 2886 556 2954; x_wconf 78' lang='lat' dir='ltr'><strong>Occulit3</strong></span> <span class='ocrx_word' id='word_1_208' title='bbox 593 2887 711 2957; x_wconf 85' lang='lat' dir='ltr'><strong>ipse</strong></span> <span class='ocrx_word' id='word_1_209' title='bbox 735 2903 850 2942; x_wconf 86' lang='lat' dir='ltr'><strong>uno</strong></span> <span class='ocrx_word' id='word_1_210' title='bbox 873 2886 1124 2956; x_wconf 76' lang='lat' dir='ltr'><strong>graditur</strong></span> <span class='ocrx_word' id='word_1_211' title='bbox 1147 2888 1449 2942; x_wconf 70' lang='lat' dir='ltr'><strong>comitatus</strong></span> <span class='ocrx_word' id='word_1_212' title='bbox 1475 2888 1706 2955; x_wconf 82' lang='lat' dir='ltr'><strong>Achate,</strong></span> 
     </span>
     <span class='ocr_line' id='line_1_32' title="bbox 305 2971 1487 3044; baseline -0.001 -16"><span class='ocrx_word' id='word_1_213' title='bbox 305 2971 450 3029; x_wconf 82' lang='lat' dir='ltr'><strong>Bina</strong></span> <span class='ocrx_word' id='word_1_214' title='bbox 471 2989 638 3028; x_wconf 85' lang='lat' dir='ltr'><strong>manu</strong></span> <span class='ocrx_word' id='word_1_215' title='bbox 659 2973 776 3028; x_wconf 85' lang='lat' dir='ltr'><strong>lato</strong></span> <span class='ocrx_word' id='word_1_216' title='bbox 799 2973 1050 3044; x_wconf 79' lang='lat' dir='ltr'><strong>crispans</strong></span> <span class='ocrx_word' id='word_1_217' title='bbox 1073 2973 1295 3029; x_wconf 78' lang='lat' dir='ltr'><strong>hastilia</strong></span> <span class='ocrx_word' id='word_1_218' title='bbox 1318 2973 1487 3028; x_wconf 80' lang='lat' dir='ltr'><strong>ferro.</strong></span> 
     </span>
     <span class='ocr_line' id='line_1_33' title="bbox 307 3059 1487 3128; baseline -0.003 -13"><span class='ocrx_word' id='word_1_219' title='bbox 307 3059 414 3115; x_wconf 87' lang='lat' dir='ltr'><strong>Oui</strong></span> <span class='ocrx_word' id='word_1_220' title='bbox 438 3067 618 3115; x_wconf 86' lang='lat' dir='ltr'><strong>mater</strong></span> <span class='ocrx_word' id='word_1_221' title='bbox 640 3059 824 3115; x_wconf 81' lang='lat' dir='ltr'><strong>media</strong></span> <span class='ocrx_word' id='word_1_222' title='bbox 845 3077 966 3116; x_wconf 82' lang='lat' dir='ltr'><strong>sese</strong></span> <span class='ocrx_word' id='word_1_223' title='bbox 989 3059 1119 3115; x_wconf 84' lang='lat' dir='ltr'><strong>tulit</strong></span> <span class='ocrx_word' id='word_1_224' title='bbox 1143 3059 1310 3118; x_wconf 80' lang='lat' dir='ltr'><strong>obvia</strong></span> <span class='ocrx_word' id='word_1_225' title='bbox 1329 3059 1487 3128; x_wconf 83' lang='lat' dir='ltr'><strong>silva,</strong></span> 
     </span>
     <span class='ocr_line' id='line_1_34' title="bbox 307 3145 2346 3216; baseline -0.001 -15"><span class='ocrx_word' id='word_1_226' title='bbox 307 3145 558 3215; x_wconf 82' lang='lat' dir='ltr'><strong>Virginis</strong></span> <span class='ocrx_word' id='word_1_227' title='bbox 579 3163 644 3201; x_wconf 82' lang='lat' dir='ltr'><strong>os</strong></span> <span class='ocrx_word' id='word_1_228' title='bbox 665 3146 1028 3216; x_wconf 86' lang='lat' dir='ltr'><strong>habitumque</strong></span> <span class='ocrx_word' id='word_1_229' title='bbox 1051 3161 1248 3216; x_wconf 82' lang='lat' dir='ltr'><strong>gerens</strong></span> <span class='ocrx_word' id='word_1_230' title='bbox 1271 3151 1332 3201; x_wconf 86' lang='lat' dir='ltr'><strong>et</strong></span> <span class='ocrx_word' id='word_1_231' title='bbox 1349 3145 1583 3214; x_wconf 83' lang='lat' dir='ltr'><strong>virginis</strong></span> <span class='ocrx_word' id='word_1_232' title='bbox 1606 3163 1775 3216; x_wconf 87' lang='lat' dir='ltr'><strong>arma,</strong></span> <span class='ocrx_word' id='word_1_233' title='bbox 2240 3145 2346 3199; x_wconf 72' lang='lat'><strong>815</strong></span> 
     </span>
     <span class='ocr_line' id='line_1_35' title="bbox 307 3231 1643 3303; baseline 0.001 -16"><span class='ocrx_word' id='word_1_234' title='bbox 307 3231 626 3302; x_wconf 70' lang='lat' dir='ltr'><strong>Spartanae,</strong></span> <span class='ocrx_word' id='word_1_235' title='bbox 655 3233 744 3288; x_wconf 84' lang='lat' dir='ltr'><strong>vel</strong></span> <span class='ocrx_word' id='word_1_236' title='bbox 769 3232 946 3303; x_wconf 86' lang='lat' dir='ltr'><strong>qualis</strong></span> <span class='ocrx_word' id='word_1_237' title='bbox 967 3249 1140 3303; x_wconf 86' lang='lat' dir='ltr'><strong>equos</strong></span> <span class='ocrx_word' id='word_1_238' title='bbox 1161 3231 1423 3300; x_wconf 65' lang='lat' dir='ltr'><strong>Threissa</strong></span> <span class='ocrx_word' id='word_1_239' title='bbox 1442 3233 1643 3301; x_wconf 81' lang='lat' dir='ltr'><strong>fatigat</strong></span> 
     </span>
     <span class='ocr_line' id='line_1_36' title="bbox 307 3317 1876 3391; baseline 0.002 -19"><span class='ocrx_word' id='word_1_240' title='bbox 307 3317 620 3388; x_wconf 70' lang='lat' dir='ltr'><strong>Harpalyce</strong></span> <span class='ocrx_word' id='word_1_241' title='bbox 645 3319 1032 3391; x_wconf 80' lang='lat' dir='ltr'><strong>volucremque</strong></span> <span class='ocrx_word' id='word_1_242' title='bbox 1055 3319 1190 3389; x_wconf 74' lang='lat' dir='ltr'><strong>suga</strong></span> <span class='ocrx_word' id='word_1_243' title='bbox 1213 3320 1587 3391; x_wconf 71' lang='lat' dir='ltr'><strong>praevertimr</strong></span> <span class='ocrx_word' id='word_1_244' title='bbox 1609 3319 1876 3375; x_wconf 84' lang='lat' dir='ltr'><strong>Hebrum.</strong></span> 
     </span>
     <span class='ocr_line' id='line_1_37' title="bbox 307 3394 1931 3476; baseline -0.002 -15"><span class='ocrx_word' id='word_1_245' title='bbox 307 3403 562 3476; x_wconf 72' lang='lat' dir='ltr'><strong>Namque</strong></span> <span class='ocrx_word' id='word_1_246' title='bbox 585 3404 792 3461; x_wconf 84' lang='lat' dir='ltr'><strong>umeris</strong></span> <span class='ocrx_word' id='word_1_247' title='bbox 815 3394 884 3460; x_wconf 77' lang='lat' dir='ltr'><strong>de‘</strong></span> <span class='ocrx_word' id='word_1_248' title='bbox 907 3421 1064 3461; x_wconf 87' lang='lat' dir='ltr'><strong>more</strong></span> <span class='ocrx_word' id='word_1_249' title='bbox 1085 3405 1326 3466; x_wconf 85' lang='lat' dir='ltr'><strong>habilem</strong></span> <span class='ocrx_word' id='word_1_250' title='bbox 1351 3404 1717 3474; x_wconf 79' lang='lat' dir='ltr'><strong>suspenderat</strong></span> <span class='ocrx_word' id='word_1_251' title='bbox 1741 3419 1931 3460; x_wconf 82' lang='lat' dir='ltr'><strong>areum</strong></span> 
     </span>
    </p>
   </div>
   <div class='ocr_carea' id='block_1_3' title="bbox 311 3477 1764 3626">
    <p class='ocr_par' dir='ltr' id='par_1_3' title="bbox 311 3477 1764 3626">
     <span class='ocr_line' id='line_1_38' title="bbox 311 3477 1764 3626; baseline -0.001 -80"><span class='ocrx_word' id='word_1_252' title='bbox 311 3491 598 3626; x_wconf 50' lang='lat' dir='ltr'><strong>Veneti-ix,</strong></span> <span class='ocrx_word' id='word_1_253' title='bbox 627 3489 964 3562; x_wconf 79' lang='lat' dir='ltr'><strong>dederatque</strong></span> <span class='ocrx_word' id='word_1_254' title='bbox 988 3477 1202 3547; x_wconf 60' lang='lat' dir='ltr'><strong>codam</strong></span> <span class='ocrx_word' id='word_1_255' title='bbox 1227 3491 1545 3546; x_wconf 76' lang='lat' dir='ltr'><strong>diffundere</strong></span> <span class='ocrx_word' id='word_1_256' title='bbox 1568 3491 1764 3557; x_wconf 79' lang='lat' dir='ltr'><strong>ventis,</strong></span> 
     </span>
    </p>
   </div>
  </div>
 </body>
</html>
