<?xml version="1.0" encoding="UTF-8"?>
<!DOCTYPE html PUBLIC "-//W3C//DTD XHTML 1.0 Transitional//EN"
    "http://www.w3.org/TR/xhtml1/DTD/xhtml1-transitional.dtd">
<html xmlns="http://www.w3.org/1999/xhtml" xml:lang="en" lang="en">
 <head>
  <title>
</title>
<meta http-equiv="Content-Type" content="text/html;charset=utf-8" />
  <meta name='ocr-system' content='tesseract 3.04.00' />
  <meta name='ocr-capabilities' content='ocr_page ocr_carea ocr_par ocr_line ocrx_word'/>
</head>
<body>
  <div class='ocr_page' id='page_1' title='image "arevisedtextpoe01virggoog_0343.png"; bbox 0 0 2725 3892; ppageno 0'>
   <div class='ocr_carea' id='block_1_1' title="bbox 957 191 1715 245">
    <p class='ocr_par' dir='ltr' id='par_1_1' title="bbox 957 191 1715 245">
     <span class='ocr_line' id='line_1_1' title="bbox 957 191 1715 245; baseline -0.001 -1"><span class='ocrx_word' id='word_1_1' title='bbox 957 191 1236 245; x_wconf 69' lang='lat' dir='ltr'>VERGILI</span> <span class='ocrx_word' id='word_1_2' title='bbox 1279 191 1609 243; x_wconf 79' lang='lat' dir='ltr'>AENEIDOS</span> <span class='ocrx_word' id='word_1_3' title='bbox 1652 192 1715 243; x_wconf 82' lang='lat' dir='ltr'><strong>X.</strong></span> 
     </span>
    </p>
   </div>
   <div class='ocr_carea' id='block_1_2' title="bbox 311 354 1915 3549">
    <p class='ocr_par' dir='ltr' id='par_1_2' title="bbox 311 354 1915 3549">
     <span class='ocr_line' id='line_1_2' title="bbox 315 354 1719 439; baseline -0.001 -28"><span class='ocrx_word' id='word_1_4' title='bbox 315 354 633 411; x_wconf 74' lang='lat' dir='ltr'><strong>Missilibus.</strong></span> <span class='ocrx_word' id='word_1_5' title='bbox 707 354 864 408; x_wconf 81' lang='lat' dir='ltr'><strong>Furit</strong></span> <span class='ocrx_word' id='word_1_6' title='bbox 889 354 1124 421; x_wconf 83' lang='lat' dir='ltr'><strong>Aeneas,</strong></span> <span class='ocrx_word' id='word_1_7' title='bbox 1150 359 1438 439; x_wconf 54' lang='lat' dir='ltr'><strong>tectusque</strong></span> <span class='ocrx_word' id='word_1_8' title='bbox 1462 358 1619 409; x_wconf 86' lang='lat' dir='ltr'><strong>tenet</strong></span> <span class='ocrx_word' id='word_1_9' title='bbox 1644 369 1719 409; x_wconf 88' lang='lat' dir='ltr'><strong>se.</strong></span> 
     </span>
     <span class='ocr_line' id='line_1_3' title="bbox 313 440 1597 517; baseline -0.002 -19"><span class='ocrx_word' id='word_1_10' title='bbox 313 445 407 498; x_wconf 82' lang='lat' dir='ltr'><strong>Ao</strong></span> <span class='ocrx_word' id='word_1_11' title='bbox 430 442 584 497; x_wconf 81' lang='lat' dir='ltr'><strong>velut</strong></span> <span class='ocrx_word' id='word_1_12' title='bbox 609 442 783 496; x_wconf 80' lang='lat' dir='ltr'><strong>effusa</strong></span> <span class='ocrx_word' id='word_1_13' title='bbox 807 442 854 495; x_wconf 87' lang='lat' dir='ltr'><strong>si</strong></span> <span class='ocrx_word' id='word_1_14' title='bbox 878 440 1099 511; x_wconf 84' lang='lat' dir='ltr'><strong>quando</strong></span> <span class='ocrx_word' id='word_1_15' title='bbox 1125 440 1395 517; x_wconf 78' lang='lat' dir='ltr'><strong>grandine</strong></span> <span class='ocrx_word' id='word_1_16' title='bbox 1420 440 1597 495; x_wconf 86' lang='lat' dir='ltr'>nimbi</span> 
     </span>
     <span class='ocr_line' id='line_1_4' title="bbox 315 528 1637 599; baseline 0.002 -16"><span class='ocrx_word' id='word_1_17' title='bbox 315 529 710 599; x_wconf 77' lang='lat' dir='ltr'><strong>Praecipitant,</strong></span> <span class='ocrx_word' id='word_1_18' title='bbox 741 528 921 583; x_wconf 91' lang='lat' dir='ltr'><strong>omnis</strong></span> <span class='ocrx_word' id='word_1_19' title='bbox 945 528 1156 597; x_wconf 83' lang='lat' dir='ltr'><strong>campis</strong></span> <span class='ocrx_word' id='word_1_20' title='bbox 1182 528 1410 597; x_wconf 78' lang='lat' dir='ltr'><strong>diffugit</strong></span> <span class='ocrx_word' id='word_1_21' title='bbox 1434 534 1637 598; x_wconf 76' lang='lat' dir='ltr'><strong>arator,</strong></span> 
     </span>
     <span class='ocr_line' id='line_1_5' title="bbox 317 614 1644 684; baseline -0.002 -14"><span class='ocrx_word' id='word_1_22' title='bbox 317 615 516 670; x_wconf 87' lang='lat' dir='ltr'><strong>Omnis</strong></span> <span class='ocrx_word' id='word_1_23' title='bbox 539 621 595 669; x_wconf 90' lang='lat' dir='ltr'><strong>et</strong></span> <span class='ocrx_word' id='word_1_24' title='bbox 619 614 874 684; x_wconf 83' lang='lat' dir='ltr'><strong>agricola,</strong></span> <span class='ocrx_word' id='word_1_25' title='bbox 903 621 961 669; x_wconf 89' lang='lat' dir='ltr'><strong>et</strong></span> <span class='ocrx_word' id='word_1_26' title='bbox 983 620 1108 669; x_wconf 86' lang='lat' dir='ltr'><strong>tuta</strong></span> <span class='ocrx_word' id='word_1_27' title='bbox 1131 615 1270 669; x_wconf 89' lang='lat' dir='ltr'><strong>latet</strong></span> <span class='ocrx_word' id='word_1_28' title='bbox 1295 614 1423 669; x_wconf 68' lang='lat' dir='ltr'><strong>arce</strong></span> <span class='ocrx_word' id='word_1_29' title='bbox 1447 614 1644 683; x_wconf 80' lang='lat' dir='ltr'><strong>viator,</strong></span> 
     </span>
     <span class='ocr_line' id='line_1_6' title="bbox 319 698 1455 771; baseline -0.002 -14"><span class='ocrx_word' id='word_1_30' title='bbox 319 702 438 757; x_wconf 83' lang='lat' dir='ltr'><strong>Aut</strong></span> <span class='ocrx_word' id='word_1_31' title='bbox 462 702 638 757; x_wconf 85' lang='lat' dir='ltr'><strong>amnis</strong></span> <span class='ocrx_word' id='word_1_32' title='bbox 661 702 816 771; x_wconf 70' lang='lat' dir='ltr'><strong>ripis,</strong></span> <span class='ocrx_word' id='word_1_33' title='bbox 841 707 937 755; x_wconf 89' lang='lat' dir='ltr'><strong>aut</strong></span> <span class='ocrx_word' id='word_1_34' title='bbox 963 702 1062 755; x_wconf 86' lang='lat' dir='ltr'><strong>alti</strong></span> <span class='ocrx_word' id='word_1_35' title='bbox 1085 702 1296 756; x_wconf 87' lang='lat' dir='ltr'><strong>fornice</strong></span> <span class='ocrx_word' id='word_1_36' title='bbox 1321 698 1455 768; x_wconf 86' lang='lat' dir='ltr'><strong>saxi,</strong></span> 
     </span>
     <span class='ocr_line' id='line_1_7' title="bbox 317 774 1651 859; baseline -0.002 -15"><span class='ocrx_word' id='word_1_37' title='bbox 317 790 464 844; x_wconf 89' lang='lat' dir='ltr'><strong>Dum</strong></span> <span class='ocrx_word' id='word_1_38' title='bbox 493 789 634 859; x_wconf 91' lang='lat' dir='ltr'><strong>pluit</strong></span> <span class='ocrx_word' id='word_1_39' title='bbox 657 790 716 843; x_wconf 89' lang='lat' dir='ltr'><strong>in</strong></span> <span class='ocrx_word' id='word_1_40' title='bbox 739 790 918 858; x_wconf 84' lang='lat' dir='ltr'><strong>terris,</strong></span> <span class='ocrx_word' id='word_1_41' title='bbox 948 794 1010 842; x_wconf 87' lang='lat' dir='ltr'><strong>ut</strong></span> <span class='ocrx_word' id='word_1_42' title='bbox 1039 774 1254 858; x_wconf 85' lang='lat' dir='ltr'><strong>possint</strong></span> <span class='ocrx_word' id='word_1_43' title='bbox 1280 788 1397 841; x_wconf 89' lang='lat' dir='ltr'><strong>sole</strong></span> <span class='ocrx_word' id='word_1_44' title='bbox 1422 788 1651 843; x_wconf 85' lang='lat' dir='ltr'><strong>reducto</strong></span> 
     </span>
     <span class='ocr_line' id='line_1_8' title="bbox 315 874 1592 943; baseline -0.001 -13"><span class='ocrx_word' id='word_1_45' title='bbox 315 876 588 931; x_wconf 71' lang='lat' dir='ltr'><strong>Exeruere</strong></span> <span class='ocrx_word' id='word_1_46' title='bbox 611 876 792 931; x_wconf 75' lang='lat' dir='ltr'><strong>diem:</strong></span> <span class='ocrx_word' id='word_1_47' title='bbox 833 876 912 931; x_wconf 89' lang='lat' dir='ltr'><strong>sic</strong></span> <span class='ocrx_word' id='word_1_48' title='bbox 945 874 1176 929; x_wconf 89' lang='lat' dir='ltr'><strong>obrutus</strong></span> <span class='ocrx_word' id='word_1_49' title='bbox 1205 875 1443 943; x_wconf 88' lang='lat' dir='ltr'><strong>undique</strong></span> <span class='ocrx_word' id='word_1_50' title='bbox 1468 874 1592 929; x_wconf 86' lang='lat' dir='ltr'><strong>telis</strong></span> 
     </span>
     <span class='ocr_line' id='line_1_9' title="bbox 317 954 1585 1045; baseline -0.002 -28"><span class='ocrx_word' id='word_1_51' title='bbox 317 954 771 1017; x_wconf 83' lang='lat' dir='ltr'><strong>Aeneas&#39;nubem</strong></span> <span class='ocrx_word' id='word_1_52' title='bbox 795 962 940 1029; x_wconf 89' lang='lat' dir='ltr'><strong>belli,</strong></span> <span class='ocrx_word' id='word_1_53' title='bbox 971 963 1102 1016; x_wconf 91' lang='lat' dir='ltr'><strong>dum</strong></span> <span class='ocrx_word' id='word_1_54' title='bbox 1132 961 1364 1015; x_wconf 77' lang='lat' dir='ltr'><strong>detonet</strong></span> <span class='ocrx_word' id='word_1_55' title='bbox 1390 962 1585 1045; x_wconf 69' lang='lat' dir='ltr'><strong>omnis,</strong></span> 
     </span>
     <span class='ocr_line' id='line_1_10' title="bbox 316 1047 1866 1119; baseline 0.001 -16"><span class='ocrx_word' id='word_1_56' title='bbox 316 1049 578 1119; x_wconf 64' lang='lat' dir='ltr'><strong>Sustinet,</strong></span> <span class='ocrx_word' id='word_1_57' title='bbox 607 1055 665 1103; x_wconf 91' lang='lat' dir='ltr'><strong>et</strong></span> <span class='ocrx_word' id='word_1_58' title='bbox 688 1048 926 1104; x_wconf 81' lang='lat' dir='ltr'><strong>Lausum</strong></span> <span class='ocrx_word' id='word_1_59' title='bbox 951 1048 1251 1117; x_wconf 77' lang='lat' dir='ltr'>increpitat</span> <span class='ocrx_word' id='word_1_60' title='bbox 1281 1047 1567 1117; x_wconf 82' lang='lat' dir='ltr'><strong>Lausoque</strong></span> <span class='ocrx_word' id='word_1_61' title='bbox 1590 1049 1866 1105; x_wconf 82' lang='lat' dir='ltr'><strong>minatur:</strong></span> 
     </span>
     <span class='ocr_line' id='line_1_11' title="bbox 321 1135 1751 1205; baseline 0 -16"><span class='ocrx_word' id='word_1_62' title='bbox 321 1138 354 1166; x_wconf 90' lang='grc'>“</span> <span class='ocrx_word' id='word_1_63' title='bbox 372 1136 496 1201; x_wconf 80' lang='lat' dir='ltr'><strong>Quo</strong></span> <span class='ocrx_word' id='word_1_64' title='bbox 517 1137 782 1190; x_wconf 83' lang='lat' dir='ltr'><strong>moriture</strong></span> <span class='ocrx_word' id='word_1_65' title='bbox 807 1138 938 1204; x_wconf 88' lang='lat' dir='ltr'><strong>ruis,</strong></span> <span class='ocrx_word' id='word_1_66' title='bbox 964 1137 1282 1205; x_wconf 87' lang='lat' dir='ltr'><strong>maioraque</strong></span> <span class='ocrx_word' id='word_1_67' title='bbox 1308 1135 1519 1189; x_wconf 84' lang='lat' dir='ltr'><strong>viribus</strong></span> <span class='ocrx_word' id='word_1_68' title='bbox 1542 1135 1751 1189; x_wconf 71' lang='lat' dir='ltr'><strong>audes?</strong></span> 
     </span>
     <span class='ocr_line' id='line_1_12' title="bbox 318 1207 1775 1293; baseline 0 -16"><span class='ocrx_word' id='word_1_69' title='bbox 318 1222 482 1277; x_wconf 89' lang='lat' dir='ltr'><strong>Fallit</strong></span> <span class='ocrx_word' id='word_1_70' title='bbox 506 1228 564 1277; x_wconf 91' lang='lat' dir='ltr'><strong>te</strong></span> <span class='ocrx_word' id='word_1_71' title='bbox 587 1207 1072 1293; x_wconf 57' lang='lat' dir='ltr'><strong>incautum&#39;pietas</strong></span> <span class='ocrx_word' id='word_1_72' title='bbox 1097 1222 1250 1277; x_wconf 82' lang='lat' dir='ltr'><strong>tua.‘’</strong></span> <span class='ocrx_word' id='word_1_73' title='bbox 1327 1220 1447 1275; x_wconf 85' lang='lat' dir='ltr'><strong>Neo</strong></span> <span class='ocrx_word' id='word_1_74' title='bbox 1474 1222 1657 1277; x_wconf 85' lang='lat' dir='ltr'><strong>minus</strong></span> <span class='ocrx_word' id='word_1_75' title='bbox 1682 1222 1775 1277; x_wconf 88' lang='lat' dir='ltr'><strong>ille</strong></span> 
     </span>
     <span class='ocr_line' id='line_1_13' title="bbox 317 1308 1669 1378; baseline 0 -15"><span class='ocrx_word' id='word_1_76' title='bbox 317 1309 574 1364; x_wconf 78' lang='lat' dir='ltr'><strong>Exsultat</strong></span> <span class='ocrx_word' id='word_1_77' title='bbox 600 1310 853 1377; x_wconf 85' lang='lat' dir='ltr'><strong>demens;</strong></span> <span class='ocrx_word' id='word_1_78' title='bbox 897 1326 1092 1365; x_wconf 81' lang='lat' dir='ltr'><strong>saevae</strong></span> <span class='ocrx_word' id='word_1_79' title='bbox 1117 1310 1336 1378; x_wconf 85' lang='lat' dir='ltr'><strong>iamque</strong></span> <span class='ocrx_word' id='word_1_80' title='bbox 1365 1308 1530 1363; x_wconf 88' lang='lat' dir='ltr'><strong>altius</strong></span> <span class='ocrx_word' id='word_1_81' title='bbox 1554 1308 1669 1363; x_wconf 88' lang='lat' dir='ltr'><strong>irae</strong></span> 
     </span>
     <span class='ocr_line' id='line_1_14' title="bbox 315 1396 1709 1465; baseline 0.001 -15"><span class='ocrx_word' id='word_1_82' title='bbox 315 1396 600 1451; x_wconf 86' lang='lat' dir='ltr'><strong>Dardanio</strong></span> <span class='ocrx_word' id='word_1_83' title='bbox 624 1403 857 1465; x_wconf 86' lang='lat' dir='ltr'><strong>surgunt</strong></span> <span class='ocrx_word' id='word_1_84' title='bbox 880 1398 1116 1465; x_wconf 87' lang='lat' dir='ltr'><strong>ductori,</strong></span> <span class='ocrx_word' id='word_1_85' title='bbox 1146 1402 1503 1465; x_wconf 85' lang='lat' dir='ltr'><strong>extremaque</strong></span> <span class='ocrx_word' id='word_1_86' title='bbox 1529 1396 1709 1451; x_wconf 87' lang='lat' dir='ltr'><strong>Lauso</strong></span> 
     </span>
     <span class='ocr_line' id='line_1_15' title="bbox 317 1472 1857 1553; baseline 0.001 -15"><span class='ocrx_word' id='word_1_87' title='bbox 317 1484 524 1539; x_wconf 87' lang='lat' dir='ltr'><strong>Parcae</strong></span> <span class='ocrx_word' id='word_1_88' title='bbox 549 1484 642 1538; x_wconf 88' lang='lat' dir='ltr'><strong>fila</strong></span> <span class='ocrx_word' id='word_1_89' title='bbox 667 1484 891 1553; x_wconf 82' lang='lat' dir='ltr'><strong>legunt:</strong></span> <span class='ocrx_word' id='word_1_90' title='bbox 934 1472 1178 1539; x_wconf 75' lang='lat' dir='ltr'><strong>validum</strong></span> <span class='ocrx_word' id='word_1_91' title='bbox 1205 1500 1445 1553; x_wconf 86' lang='lat' dir='ltr'><strong>namque</strong></span> <span class='ocrx_word' id='word_1_92' title='bbox 1470 1484 1645 1553; x_wconf 77' lang='lat' dir='ltr'><strong>exigit</strong></span> <span class='ocrx_word' id='word_1_93' title='bbox 1672 1500 1857 1539; x_wconf 86' lang='lat' dir='ltr'><strong>ensem</strong></span> 
     </span>
     <span class='ocr_line' id='line_1_16' title="bbox 317 1570 1845 1641; baseline 0.002 -17"><span class='ocrx_word' id='word_1_94' title='bbox 317 1570 426 1624; x_wconf 87' lang='lat' dir='ltr'><strong>Per</strong></span> <span class='ocrx_word' id='word_1_95' title='bbox 447 1571 690 1625; x_wconf 86' lang='lat' dir='ltr'><strong>medium</strong></span> <span class='ocrx_word' id='word_1_96' title='bbox 715 1570 937 1625; x_wconf 86' lang='lat' dir='ltr'><strong>Aeneas</strong></span> <span class='ocrx_word' id='word_1_97' title='bbox 961 1572 1230 1638; x_wconf 81' lang='lat' dir='ltr'><strong>iuvenem,</strong></span> <span class='ocrx_word' id='word_1_98' title='bbox 1261 1578 1553 1641; x_wconf 87' lang='lat' dir='ltr'><strong>totumque</strong></span> <span class='ocrx_word' id='word_1_99' title='bbox 1579 1571 1845 1628; x_wconf 73' lang='lat' dir='ltr'><strong>recondit.</strong></span> 
     </span>
     <span class='ocr_line' id='line_1_17' title="bbox 315 1655 1767 1727; baseline 0.001 -17"><span class='ocrx_word' id='word_1_100' title='bbox 315 1655 556 1712; x_wconf 77' lang='lat' dir='ltr'><strong>Transiit</strong></span> <span class='ocrx_word' id='word_1_101' title='bbox 581 1662 638 1711; x_wconf 89' lang='lat' dir='ltr'><strong>et</strong></span> <span class='ocrx_word' id='word_1_102' title='bbox 661 1674 910 1727; x_wconf 88' lang='lat' dir='ltr'><strong>parmam</strong></span> <span class='ocrx_word' id='word_1_103' title='bbox 933 1674 1140 1727; x_wconf 85' lang='lat' dir='ltr'><strong>mucro,</strong></span> <span class='ocrx_word' id='word_1_104' title='bbox 1169 1659 1314 1713; x_wconf 85' lang='lat' dir='ltr'><strong>levia</strong></span> <span class='ocrx_word' id='word_1_105' title='bbox 1339 1674 1495 1714; x_wconf 85' lang='lat' dir='ltr'><strong>arma</strong></span> <span class='ocrx_word' id='word_1_106' title='bbox 1520 1658 1767 1725; x_wconf 74' lang='lat' dir='ltr'><strong>minaeis,</strong></span> 
     </span>
     <span class='ocr_line' id='line_1_18' title="bbox 315 1742 1683 1815; baseline 0.003 -18"><span class='ocrx_word' id='word_1_107' title='bbox 315 1742 390 1797; x_wconf 84' lang='lat' dir='ltr'><strong>Et</strong></span> <span class='ocrx_word' id='word_1_108' title='bbox 413 1744 679 1811; x_wconf 86' lang='lat' dir='ltr'><strong>tunicam,</strong></span> <span class='ocrx_word' id='word_1_109' title='bbox 703 1742 862 1797; x_wconf 89' lang='lat' dir='ltr'><strong>molli</strong></span> <span class='ocrx_word' id='word_1_110' title='bbox 885 1750 1062 1799; x_wconf 81' lang='lat' dir='ltr'><strong>mater</strong></span> <span class='ocrx_word' id='word_1_111' title='bbox 1087 1762 1248 1815; x_wconf 85' lang='lat' dir='ltr'><strong>quam</strong></span> <span class='ocrx_word' id='word_1_112' title='bbox 1275 1750 1505 1801; x_wconf 81' lang='lat' dir='ltr'><strong>neverat</strong></span> <span class='ocrx_word' id='word_1_113' title='bbox 1532 1762 1683 1814; x_wconf 85' lang='lat' dir='ltr'><strong>auro,</strong></span> 
     </span>
     <span class='ocr_line' id='line_1_19' title="bbox 315 1820 1783 1901; baseline 0.003 -19"><span class='ocrx_word' id='word_1_114' title='bbox 315 1828 684 1899; x_wconf 87' lang='lat' dir='ltr'><strong>Implevitque</strong></span> <span class='ocrx_word' id='word_1_115' title='bbox 707 1831 890 1885; x_wconf 86' lang='lat' dir='ltr'><strong>sinum</strong></span> <span class='ocrx_word' id='word_1_116' title='bbox 913 1832 1167 1900; x_wconf 77' lang='lat' dir='ltr'><strong>sanguis3</strong></span> <span class='ocrx_word' id='word_1_117' title='bbox 1208 1838 1326 1887; x_wconf 81' lang='lat' dir='ltr'><strong>tum</strong></span> <span class='ocrx_word' id='word_1_118' title='bbox 1342 1820 1471 1887; x_wconf 43' lang='lat' dir='ltr'><strong>‘rita</strong></span> <span class='ocrx_word' id='word_1_119' title='bbox 1494 1848 1595 1901; x_wconf 82' lang='lat' dir='ltr'><strong>per</strong></span> <span class='ocrx_word' id='word_1_120' title='bbox 1618 1848 1783 1887; x_wconf 85' lang='lat' dir='ltr'><strong>auras</strong></span> 
     </span>
     <span class='ocr_line' id='line_1_20' title="bbox 315 1916 1745 1989; baseline 0.001 -18"><span class='ocrx_word' id='word_1_121' title='bbox 315 1916 602 1971; x_wconf 87' lang='lat' dir='ltr'><strong>Ooncessit</strong></span> <span class='ocrx_word' id='word_1_122' title='bbox 625 1922 838 1971; x_wconf 84' lang='lat' dir='ltr'><strong>maesta</strong></span> <span class='ocrx_word' id='word_1_123' title='bbox 861 1918 930 1973; x_wconf 87' lang='lat' dir='ltr'><strong>ad</strong></span> <span class='ocrx_word' id='word_1_124' title='bbox 957 1918 1148 1987; x_wconf 83' lang='lat' dir='ltr'><strong>Manis,</strong></span> <span class='ocrx_word' id='word_1_125' title='bbox 1177 1936 1483 1989; x_wconf 71' lang='lat' dir='ltr'><strong>corpusque</strong></span> <span class='ocrx_word' id='word_1_126' title='bbox 1509 1918 1745 1987; x_wconf 82' lang='lat' dir='ltr'><strong>reliquit.</strong></span> 
     </span>
     <span class='ocr_line' id='line_1_21' title="bbox 317 2004 1581 2073; baseline 0.004 -16"><span class='ocrx_word' id='word_1_127' title='bbox 317 2004 399 2059; x_wconf 89' lang='lat' dir='ltr'><strong>At</strong></span> <span class='ocrx_word' id='word_1_128' title='bbox 420 2020 556 2059; x_wconf 82' lang='lat' dir='ltr'><strong>vero</strong></span> <span class='ocrx_word' id='word_1_129' title='bbox 579 2010 642 2059; x_wconf 86' lang='lat' dir='ltr'><strong>ut</strong></span> <span class='ocrx_word' id='word_1_130' title='bbox 666 2006 882 2059; x_wconf 82' lang='lat' dir='ltr'><strong>voltum</strong></span> <span class='ocrx_word' id='word_1_131' title='bbox 908 2006 1052 2059; x_wconf 75' lang='lat' dir='ltr'><strong>vidit</strong></span> <span class='ocrx_word' id='word_1_132' title='bbox 1073 2008 1358 2061; x_wconf 86' lang='lat' dir='ltr'><strong>morientis</strong></span> <span class='ocrx_word' id='word_1_133' title='bbox 1383 2014 1441 2063; x_wconf 88' lang='lat' dir='ltr'><strong>et</strong></span> <span class='ocrx_word' id='word_1_134' title='bbox 1466 2021 1581 2073; x_wconf 87' lang='lat' dir='ltr'><strong>ora,</strong></span> 
     </span>
     <span class='ocr_line' id='line_1_22' title="bbox 314 2092 1499 2162; baseline 0.003 -18"><span class='ocrx_word' id='word_1_135' title='bbox 314 2092 432 2145; x_wconf 85' lang='lat' dir='ltr'><strong>Ora</strong></span> <span class='ocrx_word' id='word_1_136' title='bbox 453 2092 634 2145; x_wconf 88' lang='lat' dir='ltr'><strong>modis</strong></span> <span class='ocrx_word' id='word_1_137' title='bbox 658 2092 1022 2147; x_wconf 82' lang='lat' dir='ltr'><strong>Anchisiades</strong></span> <span class='ocrx_word' id='word_1_138' title='bbox 1047 2093 1308 2162; x_wconf 85' lang='lat' dir='ltr'><strong>pallentia</strong></span> <span class='ocrx_word' id='word_1_139' title='bbox 1331 2096 1499 2161; x_wconf 86' lang='lat' dir='ltr'><strong>miris,</strong></span> 
     </span>
     <span class='ocr_line' id='line_1_23' title="bbox 314 2170 1835 2254; baseline 0.006 -24"><span class='ocrx_word' id='word_1_140' title='bbox 314 2176 596 2247; x_wconf 65' lang='lat' dir='ltr'><strong>Ingemuit</strong></span> <span class='ocrx_word' id='word_1_141' title='bbox 622 2180 886 2249; x_wconf 82' lang='lat' dir='ltr'><strong>miserans</strong></span> <span class='ocrx_word' id='word_1_142' title='bbox 909 2182 1163 2248; x_wconf 81' lang='lat' dir='ltr'><strong>graviter,</strong></span> <span class='ocrx_word' id='word_1_143' title='bbox 1192 2170 1554 2252; x_wconf 68' lang='lat' dir='ltr'><strong>dextramque</strong></span> <span class='ocrx_word' id='word_1_144' title='bbox 1580 2184 1835 2254; x_wconf 85' lang='lat' dir='ltr'><strong>tetendit,</strong></span> 
     </span>
     <span class='ocr_line' id='line_1_24' title="bbox 311 2264 1549 2339; baseline 0.005 -20"><span class='ocrx_word' id='word_1_145' title='bbox 311 2264 390 2319; x_wconf 86' lang='lat' dir='ltr'><strong>Et</strong></span> <span class='ocrx_word' id='word_1_146' title='bbox 414 2270 656 2318; x_wconf 85' lang='lat' dir='ltr'><strong>mentem</strong></span> <span class='ocrx_word' id='word_1_147' title='bbox 681 2266 890 2334; x_wconf 87' lang='lat' dir='ltr'><strong>patriae</strong></span> <span class='ocrx_word' id='word_1_148' title='bbox 915 2268 1078 2323; x_wconf 84' lang='lat' dir='ltr'><strong>subiit</strong></span> <span class='ocrx_word' id='word_1_149' title='bbox 1105 2268 1326 2336; x_wconf 86' lang='lat' dir='ltr'><strong>pietatis</strong></span> <span class='ocrx_word' id='word_1_150' title='bbox 1349 2270 1549 2339; x_wconf 81' lang='lat' dir='ltr'><strong>imago.</strong></span> 
     </span>
     <span class='ocr_line' id='line_1_25' title="bbox 315 2350 1915 2427; baseline 0.007 -27"><span class='ocrx_word' id='word_1_151' title='bbox 315 2356 352 2381; x_wconf 79' lang='lat'><strong>‘⁶</strong></span> <span class='ocrx_word' id='word_1_152' title='bbox 371 2350 516 2417; x_wconf 81' lang='lat' dir='ltr'><strong>Quid</strong></span> <span class='ocrx_word' id='word_1_153' title='bbox 543 2352 642 2407; x_wconf 84' lang='lat' dir='ltr'><strong>tibi</strong></span> <span class='ocrx_word' id='word_1_154' title='bbox 669 2368 830 2421; x_wconf 89' lang='lat' dir='ltr'><strong>nuno,</strong></span> <span class='ocrx_word' id='word_1_155' title='bbox 859 2354 1167 2408; x_wconf 85' lang='lat' dir='ltr'><strong>miserande</strong></span> <span class='ocrx_word' id='word_1_156' title='bbox 1195 2372 1346 2423; x_wconf 86' lang='lat' dir='ltr'><strong>puer,</strong></span> <span class='ocrx_word' id='word_1_157' title='bbox 1375 2373 1479 2425; x_wconf 89' lang='lat' dir='ltr'><strong>pro</strong></span> <span class='ocrx_word' id='word_1_158' title='bbox 1504 2358 1755 2412; x_wconf 83' lang='lat' dir='ltr'><strong>laudibus</strong></span> <span class='ocrx_word' id='word_1_159' title='bbox 1778 2359 1915 2427; x_wconf 87' lang='lat' dir='ltr'><strong>istis,</strong></span> 
     </span>
     <span class='ocr_line' id='line_1_26' title="bbox 314 2437 1709 2512; baseline 0.004 -20"><span class='ocrx_word' id='word_1_160' title='bbox 314 2437 464 2504; x_wconf 83' lang='lat' dir='ltr'><strong>Quid</strong></span> <span class='ocrx_word' id='word_1_161' title='bbox 487 2438 610 2507; x_wconf 88' lang='lat' dir='ltr'><strong>pius</strong></span> <span class='ocrx_word' id='word_1_162' title='bbox 637 2438 855 2493; x_wconf 80' lang='lat' dir='ltr'><strong>Aeneas</strong></span> <span class='ocrx_word' id='word_1_163' title='bbox 875 2446 1034 2494; x_wconf 87' lang='lat' dir='ltr'><strong>tanta</strong></span> <span class='ocrx_word' id='word_1_164' title='bbox 1055 2441 1211 2495; x_wconf 87' lang='lat' dir='ltr'><strong>dabit</strong></span> <span class='ocrx_word' id='word_1_165' title='bbox 1235 2443 1421 2498; x_wconf 87' lang='lat' dir='ltr'><strong>indole</strong></span> <span class='ocrx_word' id='word_1_166' title='bbox 1446 2443 1709 2512; x_wconf 72' lang='lat' dir='ltr'><strong>dignum?</strong></span> 
     </span>
     <span class='ocr_line' id='line_1_27' title="bbox 314 2526 1853 2604; baseline 0.004 -25"><span class='ocrx_word' id='word_1_167' title='bbox 314 2528 504 2591; x_wconf 85' lang='lat' dir='ltr'><strong>Arma,</strong></span> <span class='ocrx_word' id='word_1_168' title='bbox 533 2527 732 2604; x_wconf 67' lang='lat' dir='ltr'><strong>quibus</strong></span> <span class='ocrx_word' id='word_1_169' title='bbox 753 2526 1006 2595; x_wconf 81' lang='lat' dir='ltr'><strong>laetatus,</strong></span> <span class='ocrx_word' id='word_1_170' title='bbox 1037 2528 1178 2582; x_wconf 87' lang='lat' dir='ltr'><strong>habe</strong></span> <span class='ocrx_word' id='word_1_171' title='bbox 1205 2534 1334 2597; x_wconf 86' lang='lat' dir='ltr'><strong>tua;</strong></span> <span class='ocrx_word' id='word_1_172' title='bbox 1377 2536 1539 2599; x_wconf 87' lang='lat' dir='ltr'><strong>teque</strong></span> <span class='ocrx_word' id='word_1_173' title='bbox 1564 2537 1853 2601; x_wconf 81' lang='lat' dir='ltr'><strong>parentum</strong></span> 
     </span>
     <span class='ocr_line' id='line_1_28' title="bbox 313 2612 1715 2685; baseline 0.005 -19"><span class='ocrx_word' id='word_1_174' title='bbox 313 2612 570 2667; x_wconf 76' lang='lat' dir='ltr'><strong>Manibus</strong></span> <span class='ocrx_word' id='word_1_175' title='bbox 593 2620 650 2667; x_wconf 88' lang='lat' dir='ltr'><strong>et</strong></span> <span class='ocrx_word' id='word_1_176' title='bbox 674 2613 860 2681; x_wconf 87' lang='lat' dir='ltr'><strong>cineri,</strong></span> <span class='ocrx_word' id='word_1_177' title='bbox 889 2614 936 2669; x_wconf 90' lang='lat' dir='ltr'><strong>si</strong></span> <span class='ocrx_word' id='word_1_178' title='bbox 962 2631 1070 2683; x_wconf 87' lang='lat' dir='ltr'><strong>qua</strong></span> <span class='ocrx_word' id='word_1_179' title='bbox 1093 2622 1178 2670; x_wconf 85' lang='lat' dir='ltr'><strong>est</strong></span> <span class='ocrx_word' id='word_1_180' title='bbox 1201 2633 1264 2671; x_wconf 89' lang='lat' dir='ltr'><strong>ea</strong></span> <span class='ocrx_word' id='word_1_181' title='bbox 1291 2632 1439 2685; x_wconf 86' lang='lat' dir='ltr'><strong>cura,</strong></span> <span class='ocrx_word' id='word_1_182' title='bbox 1472 2619 1715 2673; x_wconf 83' lang='lat' dir='ltr'><strong>remitto.</strong></span> 
     </span>
     <span class='ocr_line' id='line_1_29' title="bbox 313 2698 1723 2784; baseline 0.005 -32"><span class='ocrx_word' id='word_1_183' title='bbox 313 2698 436 2753; x_wconf 85' lang='lat' dir='ltr'><strong>Hoc</strong></span> <span class='ocrx_word' id='word_1_184' title='bbox 460 2704 648 2754; x_wconf 87' lang='lat' dir='ltr'><strong>tamen</strong></span> <span class='ocrx_word' id='word_1_185' title='bbox 676 2700 864 2754; x_wconf 83' lang='lat' dir='ltr'><strong>infelix</strong></span> <span class='ocrx_word' id='word_1_186' title='bbox 893 2701 1148 2777; x_wconf 82' lang='lat' dir='ltr'><strong>miseram</strong></span> <span class='ocrx_word' id='word_1_187' title='bbox 1177 2703 1429 2784; x_wconf 64' lang='lat' dir='ltr'><strong>solabere</strong></span> <span class='ocrx_word' id='word_1_188' title='bbox 1454 2712 1723 2759; x_wconf 83' lang='lat' dir='ltr'><strong>mortem:</strong></span> 
     </span>
     <span class='ocr_line' id='line_1_30' title="bbox 312 2786 1709 2859; baseline 0.005 -21"><span class='ocrx_word' id='word_1_189' title='bbox 312 2786 538 2840; x_wconf 88' lang='lat' dir='ltr'><strong>Aeneae</strong></span> <span class='ocrx_word' id='word_1_190' title='bbox 563 2787 748 2855; x_wconf 78' lang='lat' dir='ltr'><strong>magni</strong></span> <span class='ocrx_word' id='word_1_191' title='bbox 771 2786 968 2843; x_wconf 83' lang='lat' dir='ltr'><strong>dextra</strong></span> <span class='ocrx_word' id='word_1_192' title='bbox 991 2789 1196 2845; x_wconf 86' lang='lat' dir='ltr'><strong>cadis.”</strong></span> <span class='ocrx_word' id='word_1_193' title='bbox 1273 2790 1533 2859; x_wconf 88' lang='lat' dir='ltr'><strong>Increpat</strong></span> <span class='ocrx_word' id='word_1_194' title='bbox 1556 2792 1709 2845; x_wconf 87' lang='lat' dir='ltr'><strong>ultro</strong></span> 
     </span>
     <span class='ocr_line' id='line_1_31' title="bbox 313 2872 1615 2948; baseline 0.005 -22"><span class='ocrx_word' id='word_1_195' title='bbox 313 2872 642 2927; x_wconf 83' lang='lat' dir='ltr'><strong>Cunctantis</strong></span> <span class='ocrx_word' id='word_1_196' title='bbox 665 2874 860 2942; x_wconf 88' lang='lat' dir='ltr'><strong>socios,</strong></span> <span class='ocrx_word' id='word_1_197' title='bbox 888 2881 947 2929; x_wconf 91' lang='lat' dir='ltr'><strong>et</strong></span> <span class='ocrx_word' id='word_1_198' title='bbox 969 2880 1122 2931; x_wconf 83' lang='lat' dir='ltr'><strong>terra</strong></span> <span class='ocrx_word' id='word_1_199' title='bbox 1145 2876 1397 2948; x_wconf 61' lang='lat' dir='ltr'><strong>sublevat</strong></span> <span class='ocrx_word' id='word_1_200' title='bbox 1420 2879 1615 2946; x_wconf 89' lang='lat' dir='ltr'><strong>ipsum,</strong></span> 
     </span>
     <span class='ocr_line' id='line_1_32' title="bbox 313 2958 1747 3033; baseline 0.005 -20"><span class='ocrx_word' id='word_1_201' title='bbox 313 2958 592 3028; x_wconf 80' lang='lat' dir='ltr'><strong>Sanguine</strong></span> <span class='ocrx_word' id='word_1_202' title='bbox 616 2966 930 3030; x_wconf 78' lang='lat' dir='ltr'><strong>turpantem</strong></span> <span class='ocrx_word' id='word_1_203' title='bbox 958 2970 1210 3032; x_wconf 84' lang='lat' dir='ltr'><strong>comptos</strong></span> <span class='ocrx_word' id='word_1_204' title='bbox 1231 2964 1300 3017; x_wconf 91' lang='lat' dir='ltr'><strong>de</strong></span> <span class='ocrx_word' id='word_1_205' title='bbox 1325 2980 1481 3019; x_wconf 89' lang='lat' dir='ltr'><strong>more</strong></span> <span class='ocrx_word' id='word_1_206' title='bbox 1504 2963 1747 3033; x_wconf 75' lang='lat' dir='ltr'><strong>capillos.</strong></span> 
     </span>
     <span class='ocr_line' id='line_1_33' title="bbox 383 3043 1715 3116; baseline 0.003 -17"><span class='ocrx_word' id='word_1_207' title='bbox 383 3043 606 3101; x_wconf 79' lang='lat' dir='ltr'><strong>Interea</strong></span> <span class='ocrx_word' id='word_1_208' title='bbox 629 3048 848 3116; x_wconf 79' lang='lat' dir='ltr'><strong>genitor</strong></span> <span class='ocrx_word' id='word_1_209' title='bbox 873 3048 1119 3103; x_wconf 83' lang='lat' dir='ltr'><strong>Tiberini</strong></span> <span class='ocrx_word' id='word_1_210' title='bbox 1147 3050 1219 3104; x_wconf 91' lang='lat' dir='ltr'><strong>ad</strong></span> <span class='ocrx_word' id='word_1_211' title='bbox 1245 3046 1484 3105; x_wconf 84' lang='lat' dir='ltr'><strong>fluminis</strong></span> <span class='ocrx_word' id='word_1_212' title='bbox 1508 3051 1715 3110; x_wconf 85' lang='lat' dir='ltr'><strong>undam</strong></span> 
     </span>
     <span class='ocr_line' id='line_1_34' title="bbox 315 3130 1693 3206; baseline 0.005 -21"><span class='ocrx_word' id='word_1_213' title='bbox 315 3130 564 3189; x_wconf 84' lang='lat' dir='ltr'><strong>Volnera</strong></span> <span class='ocrx_word' id='word_1_214' title='bbox 585 3135 827 3189; x_wconf 78' lang='lat' dir='ltr'><strong>siccabat</strong></span> <span class='ocrx_word' id='word_1_215' title='bbox 849 3135 1106 3204; x_wconf 82' lang='lat' dir='ltr'><strong>lymphis,</strong></span> <span class='ocrx_word' id='word_1_216' title='bbox 1136 3152 1445 3206; x_wconf 78' lang='lat' dir='ltr'><strong>corpusque</strong></span> <span class='ocrx_word' id='word_1_217' title='bbox 1468 3137 1693 3192; x_wconf 82' lang='lat' dir='ltr'><strong>levabat</strong></span> 
     </span>
     <span class='ocr_line' id='line_1_35' title="bbox 312 3218 1689 3279; baseline 0.004 -8"><span class='ocrx_word' id='word_1_218' title='bbox 312 3218 550 3273; x_wconf 82' lang='lat' dir='ltr'><strong>Arboris</strong></span> <span class='ocrx_word' id='word_1_219' title='bbox 571 3222 796 3276; x_wconf 88' lang='lat' dir='ltr'><strong>acclinis</strong></span> <span class='ocrx_word' id='word_1_220' title='bbox 820 3231 1037 3277; x_wconf 79' lang='lat' dir='ltr'><strong>truncO.</strong></span> <span class='ocrx_word' id='word_1_221' title='bbox 1112 3223 1312 3277; x_wconf 82' lang='lat' dir='ltr'><strong>Procul</strong></span> <span class='ocrx_word' id='word_1_222' title='bbox 1337 3241 1499 3279; x_wconf 86' lang='lat' dir='ltr'><strong>aerea</strong></span> <span class='ocrx_word' id='word_1_223' title='bbox 1522 3225 1689 3279; x_wconf 86' lang='lat' dir='ltr'><strong>ramis</strong></span> 
     </span>
     <span class='ocr_line' id='line_1_36' title="bbox 313 3304 1795 3379; baseline 0.003 -21"><span class='ocrx_word' id='word_1_224' title='bbox 313 3304 602 3373; x_wconf 85' lang='lat' dir='ltr'><strong>Dependet</strong></span> <span class='ocrx_word' id='word_1_225' title='bbox 626 3306 796 3377; x_wconf 80' lang='lat' dir='ltr'><strong>galea,</strong></span> <span class='ocrx_word' id='word_1_226' title='bbox 827 3316 885 3361; x_wconf 85' lang='lat' dir='ltr'><strong>et</strong></span> <span class='ocrx_word' id='word_1_227' title='bbox 911 3314 1074 3377; x_wconf 87' lang='lat' dir='ltr'><strong>prato</strong></span> <span class='ocrx_word' id='word_1_228' title='bbox 1097 3310 1288 3377; x_wconf 82' lang='lat' dir='ltr'><strong>gravia</strong></span> <span class='ocrx_word' id='word_1_229' title='bbox 1311 3326 1465 3363; x_wconf 87' lang='lat' dir='ltr'><strong>arma</strong></span> <span class='ocrx_word' id='word_1_230' title='bbox 1490 3311 1795 3379; x_wconf 85' lang='lat' dir='ltr'><strong>quiescunt.</strong></span> 
     </span>
     <span class='ocr_line' id='line_1_37' title="bbox 313 3386 1817 3464; baseline 0.003 -19"><span class='ocrx_word' id='word_1_231' title='bbox 313 3386 484 3447; x_wconf 72' lang='lat' dir='ltr'><strong>Stant‘</strong></span> <span class='ocrx_word' id='word_1_232' title='bbox 498 3392 632 3447; x_wconf 88' lang='lat' dir='ltr'><strong>lecti</strong></span> <span class='ocrx_word' id='word_1_233' title='bbox 657 3393 866 3448; x_wconf 88' lang='lat' dir='ltr'><strong>circum</strong></span> <span class='ocrx_word' id='word_1_234' title='bbox 891 3393 1148 3457; x_wconf 83' lang='lat' dir='ltr'><strong>iuvenes;</strong></span> <span class='ocrx_word' id='word_1_235' title='bbox 1185 3394 1305 3461; x_wconf 82' lang='lat' dir='ltr'><strong>ipse</strong></span> <span class='ocrx_word' id='word_1_236' title='bbox 1331 3412 1507 3464; x_wconf 78' lang='lat' dir='ltr'><strong>aeger,</strong></span> <span class='ocrx_word' id='word_1_237' title='bbox 1536 3395 1817 3461; x_wconf 81' lang='lat' dir='ltr'><strong>anhelans,</strong></span> 
     </span>
     <span class='ocr_line' id='line_1_38' title="bbox 313 3474 1793 3549; baseline 0.003 -18"><span class='ocrx_word' id='word_1_238' title='bbox 313 3474 472 3534; x_wconf 77' lang='lat' dir='ltr'><strong>Oolla</strong></span> <span class='ocrx_word' id='word_1_239' title='bbox 493 3478 664 3547; x_wconf 77' lang='lat' dir='ltr'><strong>fovet,</strong></span> <span class='ocrx_word' id='word_1_240' title='bbox 691 3478 846 3533; x_wconf 73' lang='lat' dir='ltr'><strong>fusus</strong></span> <span class='ocrx_word' id='word_1_241' title='bbox 869 3494 1172 3549; x_wconf 82' lang='lat' dir='ltr'><strong>propexam</strong></span> <span class='ocrx_word' id='word_1_242' title='bbox 1195 3481 1258 3533; x_wconf 88' lang='lat' dir='ltr'><strong>in</strong></span> <span class='ocrx_word' id='word_1_243' title='bbox 1283 3486 1506 3549; x_wconf 84' lang='lat' dir='ltr'><strong>pectore</strong></span> <span class='ocrx_word' id='word_1_244' title='bbox 1530 3481 1793 3549; x_wconf 57' lang='lat' dir='ltr'><strong>barbanu</strong></span> 
     </span>
    </p>
   </div>
   <div class='ocr_carea' id='block_1_3' title="bbox 2252 617 2353 669">
    <p class='ocr_par' dir='ltr' id='par_1_3' title="bbox 2252 617 2353 669">
     <span class='ocr_line' id='line_1_39' title="bbox 2252 617 2353 669; baseline 0.01 -1"><span class='ocrx_word' id='word_1_245' title='bbox 2252 617 2353 669; x_wconf 80' lang='lat'><strong>805</strong></span> 
     </span>
    </p>
   </div>
   <div class='ocr_carea' id='block_1_4' title="bbox 2250 1052 2353 1103">
    <p class='ocr_par' dir='ltr' id='par_1_4' title="bbox 2250 1052 2353 1103">
     <span class='ocr_line' id='line_1_40' title="bbox 2250 1052 2353 1103; baseline 0 0"><span class='ocrx_word' id='word_1_246' title='bbox 2250 1052 2353 1103; x_wconf 88' lang='grc'><strong>810</strong></span> 
     </span>
    </p>
   </div>
   <div class='ocr_carea' id='block_1_5' title="bbox 2248 1488 2351 1539">
    <p class='ocr_par' dir='ltr' id='par_1_5' title="bbox 2248 1488 2351 1539">
     <span class='ocr_line' id='line_1_41' title="bbox 2248 1488 2351 1539; baseline 0.01 -1"><span class='ocrx_word' id='word_1_247' title='bbox 2248 1488 2351 1539; x_wconf 81' lang='grc'><strong>815</strong></span> 
     </span>
    </p>
   </div>
   <div class='ocr_carea' id='block_1_6' title="bbox 2244 1922 2349 1973">
    <p class='ocr_par' dir='ltr' id='par_1_6' title="bbox 2244 1922 2349 1973">
     <span class='ocr_line' id='line_1_42' title="bbox 2244 1922 2349 1973; baseline 0.01 -1"><span class='ocrx_word' id='word_1_248' title='bbox 2244 1922 2349 1973; x_wconf 83' lang='grc'><strong>820</strong></span> 
     </span>
    </p>
   </div>
   <div class='ocr_carea' id='block_1_7' title="bbox 2243 2361 2345 2413">
    <p class='ocr_par' dir='ltr' id='par_1_7' title="bbox 2243 2361 2345 2413">
     <span class='ocr_line' id='line_1_43' title="bbox 2243 2361 2345 2413; baseline 0.02 -2"><span class='ocrx_word' id='word_1_249' title='bbox 2243 2361 2345 2413; x_wconf 75' lang='lat'><strong>825</strong></span> 
     </span>
    </p>
   </div>
   <div class='ocr_carea' id='block_1_8' title="bbox 2244 2793 2349 2846">
    <p class='ocr_par' dir='ltr' id='par_1_8' title="bbox 2244 2793 2349 2846">
     <span class='ocr_line' id='line_1_44' title="bbox 2244 2793 2349 2846; baseline 0.01 -1"><span class='ocrx_word' id='word_1_250' title='bbox 2244 2793 2349 2846; x_wconf 87' lang='grc'><strong>880</strong></span> 
     </span>
    </p>
   </div>
   <div class='ocr_carea' id='block_1_9' title="bbox 2246 3226 2350 3277">
    <p class='ocr_par' dir='ltr' id='par_1_9' title="bbox 2246 3226 2350 3277">
     <span class='ocr_line' id='line_1_45' title="bbox 2246 3226 2350 3277; baseline 0.01 -1"><span class='ocrx_word' id='word_1_251' title='bbox 2246 3226 2350 3277; x_wconf 82' lang='grc'><strong>835</strong></span> 
     </span>
    </p>
   </div>
  </div>
 </body>
</html>
