2725 3892
1655 563 1774 606 ult
1839 561 1898 634 s

1706 599 1795 626 bg..
1904 625 1924 638 G
2009 614 2046 634 *-

1070 867 1128 937 Ρ.
1159 867 1439 937 VERGILI
1481 870 1782 941 MAROMS

901 1050 996 1128 A
1058 1051 1131 1126 E
1196 1051 1287 1126 N
1350 1052 1424 1126 E
1491 1051 1536 1128 Ι
1598 1053 1682 1130 D
1750 1053 1822 1131 Ο
1892 1055 1950 1132 S

1032 1243 1303 1306 LIBER
1358 1245 1791 1310 OCTAVUS.

404 1573 479 1631 Ut
502 1577 630 1632 belli
656 1577 873 1648 signum
901 1576 1164 1634 Laurenti
1190 1577 1408 1632 Turnus
1434 1579 1503 1632 ab
1530 1595 1656 1632 arce

400 1661 629 1732 Extulit,
656 1669 713 1719 et
736 1681 903 1720 rauco
928 1669 1281 1734 strepuerunt
1306 1681 1515 1720 cornua
1539 1672 1722 1735 cantu,

400 1747 583 1820 thue
607 1753 748 1806 acris
772 1752 1049 1806 concussit
1072 1765 1259 1820 equos,
1286 1758 1458 1822 utque
1483 1751 1705 1822 impulit
1732 1769 1901 1821 arma,

398 1837 695 1906 Extemplo
718 1837 927 1893 turbati
954 1837 1135 1906 animi,
1166 1837 1327 1891 simul
1354 1855 1518 1892 omne
1541 1839 1784 1893 tumultu

400 1923 667 1979 Coniurat
692 1924 911 1994 trepido
936 1923 1173 1990 Latium,
1198 1925 1480 1994 saevitque
1505 1925 1764 1979 iuventus

396 2009 599 2065 Effera.
628 2005 945 2066 *Ductores
970 2011 1131 2080 primi
1157 2009 1442 2080 Messapus
1467 2016 1522 2064 et
1549 2011 1722 2064 Ufens

399 2097 871 2167 Contemptorque
896 2096 1061 2152 deum
1086 2097 1393 2152 Mezentius
1417 2097 1660 2166 undique
1690 2103 1896 2166 cogunt

396 2183 637 2253 Auxilia,
666 2189 723 2238 et
744 2183 887 2238 latos
914 2189 1131 2238 vastant
1155 2183 1462 2256 cultoribus
1487 2201 1664 2253 agree.

395 2271 637 2325 Mittitur
661 2275 717 2325 et
740 2271 925 2340 magni
958 2269 1203 2324 Venulus
1228 2269 1514 2324 Diomedis
1540 2271 1608 2326 ad
1633 2271 1844 2339 urbem,

395 2357 505 2423 Qui
526 2363 681 2428 petat
704 2357 985 2426 auxilium,
1013 2364 1085 2426 et,
1114 2357 1273 2412 Latio
1298 2357 1600 2412 consistere
1625 2357 1877 2426 Teucros,

394 2439 709 2497 Advect‘um
737 2443 966 2496 Aenean
990 2441 1147 2496 classi
1174 2443 1462 2514 victosque
1487 2442 1712 2497 Penatis

392 2529 607 2584 Inferre
624 2532 687 2584 'et
708 2529 843 2584 fatis
865 2545 1053 2599 regem
1076 2545 1136 2584 se
1161 2529 1344 2590 dicere
1370 2530 1539 2600 posci,

390 2615 651 2684 Edoceat,
680 2617 989 2686 multasque
1013 2615 1137 2672 viro
1161 2633 1219 2671 se
1245 2617 1545 2686 adiungere
1570 2616 1752 2685 gentis

391 2703 689 2771 Dardanio,
716 2709 775 2758 et
796 2703 908 2758 late
932 2702 1092 2758 Latio
1115 2703 1524 2758 increbrescere
1547 2705 1768 2759 nomen.

391 2791 535 2858 Quid
560 2795 738 2846 struat
762 2789 848 2844 his
872 2790 1097 2860 coeptis,
1130 2806 1310 2860 quem,
1339 2789 1386 2844 si
1409 2789 1658 2844 Fortuna
1683 2795 1958 2860 sequatur,

387 2875 664 2930 Eventum
686 2889 909 2944 pugnae
928 2874 1127 2943 cupiat,
1154 2873 1503 2929 manifestius
1527 2874 1648 2944 ipa,

390 2963 565 3029 Quam
591 2961 779 3016 Turno
801 2963 931 3031 regi,
961 2967 1059 3016 aut
1082 2961 1199 3031 regi
1224 2971 1492 3030 apparere
1517 2959 1731 3038 Latino,

455 3049 609 3105 Taiia
632 3066 732 3118 per
754 3049 995 3104 Latium.
1073 3045 1227 3112 Quae
1250 3047 1684 3102 Laomedontius
1707 3046 1872 3102 heros

388 3135 601 3192 Cuncta
625 3135 819 3191 uidens
843 3151 1047 3204 magno
1071 3150 1326 3189 curarum
1352 3131 1587 3188 fluctuat
1613 3139 1798 3204 aestug

386 3225 573 3294 Atque
596 3225 843 3280 animum
866 3238 1017 3276 nunc
1042 3221 1149 3276 huc
1176 3219 1429 3289 celerem,
1457 3236 1606 3276 nunc
1631 3221 1834 3276 dividit
1857 3221 2006 3288 illue,

386 3311 451 3366 In
475 3312 755 3382 partisque
780 3309 929 3379 rapit
951 3307 1133 3363 vai-ias
1154 3314 1364 3378 perque
1390 3307 1576 3362 omnia
1598 3313 1816 3382 versatJ,

384 3397 537 3454 Sicut
560 3413 735 3468 aquae
759 3390 1057 3450 treuiulum
1081 3393 1251 3448 labris
1276 3392 1372 3446 ubi
1395 3391 1582 3449 lumen
1609 3395 1762 3448 aenis

2360 2363 2428 2413 10

2355 2795 2420 2846 15

2349 3223 2420 3272 20
