<?xml version="1.0" encoding="UTF-8"?>
<!DOCTYPE html PUBLIC "-//W3C//DTD XHTML 1.0 Transitional//EN"
    "http://www.w3.org/TR/xhtml1/DTD/xhtml1-transitional.dtd">
<html xmlns="http://www.w3.org/1999/xhtml" xml:lang="en" lang="en">
 <head>
  <title>
</title>
<meta http-equiv="Content-Type" content="text/html;charset=utf-8" />
  <meta name='ocr-system' content='tesseract 3.04.00' />
  <meta name='ocr-capabilities' content='ocr_page ocr_carea ocr_par ocr_line ocrx_word'/>
</head>
<body>
  <div class='ocr_page' id='page_1' title='image "arevisedtextpoe01virggoog_0159.png"; bbox 0 0 2725 3892; ppageno 0'>
   <div class='ocr_carea' id='block_1_1' title="bbox 969 221 1725 276">
    <p class='ocr_par' dir='ltr' id='par_1_1' title="bbox 969 221 1725 276">
     <span class='ocr_line' id='line_1_1' title="bbox 969 221 1725 276; baseline 0.003 -2"><span class='ocrx_word' id='word_1_1' title='bbox 969 223 1242 274; x_wconf 80' lang='lat' dir='ltr'>VERGILI</span> <span class='ocrx_word' id='word_1_2' title='bbox 1287 221 1617 274; x_wconf 82' lang='lat' dir='ltr'>AENEIDOS</span> <span class='ocrx_word' id='word_1_3' title='bbox 1658 223 1725 276; x_wconf 85' lang='lat'><strong>11.</strong></span> 
     </span>
    </p>
   </div>
   <div class='ocr_carea' id='block_1_2' title="bbox 327 383 1997 3574">
    <p class='ocr_par' dir='ltr' id='par_1_2' title="bbox 327 383 1907 1150">
     <span class='ocr_line' id='line_1_2' title="bbox 327 383 1651 454; baseline -0.005 -10"><span class='ocrx_word' id='word_1_4' title='bbox 327 387 450 444; x_wconf 90' lang='lat' dir='ltr'><strong>Iam</strong></span> <span class='ocrx_word' id='word_1_5' title='bbox 475 403 716 442; x_wconf 82' lang='lat' dir='ltr'><strong>summas</strong></span> <span class='ocrx_word' id='word_1_6' title='bbox 741 402 894 441; x_wconf 80' lang='lat' dir='ltr'><strong>arces</strong></span> <span class='ocrx_word' id='word_1_7' title='bbox 919 385 1182 454; x_wconf 78' lang='lat' dir='ltr'><strong>Tritonia,</strong></span> <span class='ocrx_word' id='word_1_8' title='bbox 1209 385 1438 453; x_wconf 76' lang='lat' dir='ltr'>respice,</span> <span class='ocrx_word' id='word_1_9' title='bbox 1466 383 1651 438; x_wconf 85' lang='lat' dir='ltr'><strong>Pallas</strong></span> 
     </span>
     <span class='ocr_line' id='line_1_3' title="bbox 329 473 1643 545; baseline -0.006 -14"><span class='ocrx_word' id='word_1_10' title='bbox 329 477 560 545; x_wconf 80' lang='lat' dir='ltr'><strong>Insedit,</strong></span> <span class='ocrx_word' id='word_1_11' title='bbox 587 476 782 530; x_wconf 90' lang='lat' dir='ltr'><strong>nimbo</strong></span> <span class='ocrx_word' id='word_1_12' title='bbox 809 474 1073 543; x_wconf 82' lang='lat' dir='ltr'><strong>effulgens</strong></span> <span class='ocrx_word' id='word_1_13' title='bbox 1095 478 1154 528; x_wconf 89' lang='lat' dir='ltr'><strong>et</strong></span> <span class='ocrx_word' id='word_1_14' title='bbox 1179 473 1441 540; x_wconf 80' lang='lat' dir='ltr'>Gorgone</span> <span class='ocrx_word' id='word_1_15' title='bbox 1465 485 1643 525; x_wconf 79' lang='lat' dir='ltr'><strong>saeva.</strong></span> 
     </span>
     <span class='ocr_line' id='line_1_4' title="bbox 330 556 1681 634; baseline -0.007 -15"><span class='ocrx_word' id='word_1_16' title='bbox 330 564 461 634; x_wconf 85' lang='lat' dir='ltr'><strong>Ipse</strong></span> <span class='ocrx_word' id='word_1_17' title='bbox 485 563 654 618; x_wconf 86' lang='lat' dir='ltr'><strong>Pater</strong></span> <span class='ocrx_word' id='word_1_18' title='bbox 677 562 887 617; x_wconf 79' lang='lat' dir='ltr'><strong>Danais</strong></span> <span class='ocrx_word' id='word_1_19' title='bbox 911 561 1123 614; x_wconf 85' lang='lat' dir='ltr'><strong>animos</strong></span> <span class='ocrx_word' id='word_1_20' title='bbox 1145 559 1389 627; x_wconf 74' lang='lat' dir='ltr'><strong>virisque</strong></span> <span class='ocrx_word' id='word_1_21' title='bbox 1416 556 1681 612; x_wconf 85' lang='lat' dir='ltr'><strong>secundas</strong></span> 
     </span>
     <span class='ocr_line' id='line_1_5' title="bbox 332 644 1679 718; baseline -0.004 -15"><span class='ocrx_word' id='word_1_22' title='bbox 332 647 562 716; x_wconf 82' lang='lat' dir='ltr'><strong>Sufficit,</strong></span> <span class='ocrx_word' id='word_1_23' title='bbox 591 649 708 718; x_wconf 89' lang='lat' dir='ltr'><strong>ipse</strong></span> <span class='ocrx_word' id='word_1_24' title='bbox 732 647 866 701; x_wconf 90' lang='lat' dir='ltr'><strong>deos</strong></span> <span class='ocrx_word' id='word_1_25' title='bbox 885 647 944 700; x_wconf 90' lang='lat' dir='ltr'><strong>in</strong></span> <span class='ocrx_word' id='word_1_26' title='bbox 970 645 1232 700; x_wconf 83' lang='lat' dir='ltr'><strong>Dardana</strong></span> <span class='ocrx_word' id='word_1_27' title='bbox 1256 644 1485 698; x_wconf 83' lang='lat' dir='ltr'><strong>suscitat</strong></span> <span class='ocrx_word' id='word_1_28' title='bbox 1508 659 1679 698; x_wconf 86' lang='lat' dir='ltr'><strong>arma.</strong></span> 
     </span>
     <span class='ocr_line' id='line_1_6' title="bbox 333 729 1696 804; baseline -0.004 -15"><span class='ocrx_word' id='word_1_29' title='bbox 333 735 518 804; x_wconf 80' lang='lat' dir='ltr'>Eripe,</span> <span class='ocrx_word' id='word_1_30' title='bbox 545 739 688 799; x_wconf 82' lang='lat' dir='ltr'><strong>nate,</strong></span> <span class='ocrx_word' id='word_1_31' title='bbox 718 734 924 802; x_wconf 83' lang='lat' dir='ltr'><strong>fug‘am,</strong></span> <span class='ocrx_word' id='word_1_32' title='bbox 953 733 1230 801; x_wconf 85' lang='lat' dir='ltr'><strong>finemque</strong></span> <span class='ocrx_word' id='word_1_33' title='bbox 1255 733 1479 800; x_wconf 89' lang='lat' dir='ltr'><strong>impone</strong></span> <span class='ocrx_word' id='word_1_34' title='bbox 1504 729 1696 785; x_wconf 81' lang='lat' dir='ltr'><strong>labori.</strong></span> 
     </span>
     <span class='ocr_line' id='line_1_7' title="bbox 333 815 1907 890; baseline -0.004 -14"><span class='ocrx_word' id='word_1_35' title='bbox 333 821 622 890; x_wconf 79' lang='lat' dir='ltr'><strong>Nusquam</strong></span> <span class='ocrx_word' id='word_1_36' title='bbox 651 821 834 888; x_wconf 90' lang='lat' dir='ltr'><strong>abero,</strong></span> <span class='ocrx_word' id='word_1_37' title='bbox 863 822 920 872; x_wconf 89' lang='lat' dir='ltr'><strong>et</strong></span> <span class='ocrx_word' id='word_1_38' title='bbox 947 823 1131 874; x_wconf 85' lang='lat' dir='ltr'><strong>tutum</strong></span> <span class='ocrx_word' id='word_1_39' title='bbox 1156 819 1340 888; x_wconf 85' lang='lat' dir='ltr'><strong>patrio</strong></span> <span class='ocrx_word' id='word_1_40' title='bbox 1365 827 1422 870; x_wconf 87' lang='lat' dir='ltr'><strong>te</strong></span> <span class='ocrx_word' id='word_1_41' title='bbox 1444 815 1638 870; x_wconf 86' lang='lat' dir='ltr'><strong>limine</strong></span> <span class='ocrx_word' id='word_1_42' title='bbox 1660 816 1907 871; x_wconf 82' lang='lat' dir='ltr'><strong>sietam.&#39;’</strong></span> 
     </span>
     <span class='ocr_line' id='line_1_8' title="bbox 331 903 1688 978; baseline -0.002 -16"><span class='ocrx_word' id='word_1_43' title='bbox 331 908 585 978; x_wconf 80' lang='lat' dir='ltr'>Dixerat,</span> <span class='ocrx_word' id='word_1_44' title='bbox 611 913 668 963; x_wconf 89' lang='lat' dir='ltr'><strong>et</strong></span> <span class='ocrx_word' id='word_1_45' title='bbox 693 907 880 976; x_wconf 85' lang='lat' dir='ltr'><strong>spissis</strong></span> <span class='ocrx_word' id='word_1_46' title='bbox 903 907 1084 960; x_wconf 86' lang='lat' dir='ltr'><strong>noctis</strong></span> <span class='ocrx_word' id='word_1_47' title='bbox 1107 921 1166 959; x_wconf 86' lang='lat' dir='ltr'><strong>ae</strong></span> <span class='ocrx_word' id='word_1_48' title='bbox 1188 903 1439 958; x_wconf 73' lang='lat' dir='ltr'><strong>condidit</strong></span> <span class='ocrx_word' id='word_1_49' title='bbox 1463 904 1688 959; x_wconf 83' lang='lat' dir='ltr'><strong>umbris.</strong></span> 
     </span>
     <span class='ocr_line' id='line_1_9' title="bbox 335 993 1573 1068; baseline -0.001 -19"><span class='ocrx_word' id='word_1_50' title='bbox 335 995 625 1064; x_wconf 79' lang='lat' dir='ltr'><strong>Apparent</strong></span> <span class='ocrx_word' id='word_1_51' title='bbox 647 993 802 1068; x_wconf 81' lang='lat' dir='ltr'><strong>dirae</strong></span> <span class='ocrx_word' id='word_1_52' title='bbox 823 993 996 1048; x_wconf 70' lang='lat' dir='ltr'><strong>iacies</strong></span> <span class='ocrx_word' id='word_1_53' title='bbox 1019 993 1350 1064; x_wconf 85' lang='lat' dir='ltr'><strong>inimicaque</strong></span> <span class='ocrx_word' id='word_1_54' title='bbox 1374 993 1573 1048; x_wconf 77' lang='lat' dir='ltr'><strong>Troiae</strong></span> 
     </span>
     <span class='ocr_line' id='line_1_10' title="bbox 332 1080 1004 1150; baseline -0.004 -14"><span class='ocrx_word' id='word_1_55' title='bbox 332 1081 580 1136; x_wconf 79' lang='lat' dir='ltr'><strong>Numina</strong></span> <span class='ocrx_word' id='word_1_56' title='bbox 601 1096 800 1150; x_wconf 85' lang='lat' dir='ltr'><strong>magna</strong></span> <span class='ocrx_word' id='word_1_57' title='bbox 823 1080 1004 1134; x_wconf 88' lang='lat' dir='ltr'><strong>deum.</strong></span> 
     </span>
    </p>

    <p class='ocr_par' dir='ltr' id='par_1_3' title="bbox 332 1155 1877 2018">
     <span class='ocr_line' id='line_1_11' title="bbox 406 1155 1827 1236; baseline -0.001 -14"><span class='ocrx_word' id='word_1_58' title='bbox 406 1168 547 1222; x_wconf 86' lang='lat' dir='ltr'><strong>Tum</strong></span> <span class='ocrx_word' id='word_1_59' title='bbox 570 1182 704 1221; x_wconf 83' lang='lat' dir='ltr'><strong>vero</strong></span> <span class='ocrx_word' id='word_1_60' title='bbox 729 1181 892 1220; x_wconf 90' lang='lat' dir='ltr'><strong>omne</strong></span> <span class='ocrx_word' id='word_1_61' title='bbox 916 1166 1053 1220; x_wconf 88' lang='lat' dir='ltr'><strong>mihi</strong></span> <span class='ocrx_word' id='word_1_62' title='bbox 1078 1167 1258 1220; x_wconf 80' lang='lat' dir='ltr'><strong>visum</strong></span> <span class='ocrx_word' id='word_1_63' title='bbox 1287 1155 1577 1221; x_wconf 65' lang='lat' dir='ltr'><strong>considere</strong></span> <span class='ocrx_word' id='word_1_64' title='bbox 1598 1166 1659 1220; x_wconf 90' lang='lat' dir='ltr'><strong>in</strong></span> <span class='ocrx_word' id='word_1_65' title='bbox 1682 1166 1827 1236; x_wconf 85' lang='lat' dir='ltr'><strong>ignia</strong></span> 
     </span>
     <span class='ocr_line' id='line_1_12' title="bbox 335 1252 1517 1324; baseline -0.003 -13"><span class='ocrx_word' id='word_1_66' title='bbox 335 1255 498 1311; x_wconf 90' lang='lat' dir='ltr'><strong>Ilium</strong></span> <span class='ocrx_word' id='word_1_67' title='bbox 523 1258 580 1309; x_wconf 90' lang='lat' dir='ltr'><strong>et</strong></span> <span class='ocrx_word' id='word_1_68' title='bbox 604 1271 672 1308; x_wconf 86' lang='lat' dir='ltr'><strong>ex</strong></span> <span class='ocrx_word' id='word_1_69' title='bbox 694 1253 810 1307; x_wconf 90' lang='lat' dir='ltr'><strong>imo</strong></span> <span class='ocrx_word' id='word_1_70' title='bbox 832 1253 976 1306; x_wconf 79' lang='lat' dir='ltr'><strong>verti</strong></span> <span class='ocrx_word' id='word_1_71' title='bbox 1002 1252 1290 1324; x_wconf 78' lang='lat' dir='ltr'><strong>Neptunia</strong></span> <span class='ocrx_word' id='word_1_72' title='bbox 1319 1254 1517 1321; x_wconf 79' lang='lat' dir='ltr'><strong>Troia3</strong></span> 
     </span>
     <span class='ocr_line' id='line_1_13' title="bbox 337 1339 1789 1410; baseline -0.002 -13"><span class='ocrx_word' id='word_1_73' title='bbox 337 1344 423 1397; x_wconf 83' lang='lat' dir='ltr'><strong>Ac</strong></span> <span class='ocrx_word' id='word_1_74' title='bbox 446 1341 620 1396; x_wconf 83' lang='lat' dir='ltr'><strong>veluti</strong></span> <span class='ocrx_word' id='word_1_75' title='bbox 643 1339 868 1394; x_wconf 85' lang='lat' dir='ltr'><strong>summis</strong></span> <span class='ocrx_word' id='word_1_76' title='bbox 891 1339 1176 1410; x_wconf 88' lang='lat' dir='ltr'><strong>antiquam</strong></span> <span class='ocrx_word' id='word_1_77' title='bbox 1201 1341 1258 1394; x_wconf 88' lang='lat' dir='ltr'><strong>in</strong></span> <span class='ocrx_word' id='word_1_78' title='bbox 1285 1341 1569 1396; x_wconf 88' lang='lat' dir='ltr'><strong>montibus</strong></span> <span class='ocrx_word' id='word_1_79' title='bbox 1590 1357 1789 1396; x_wconf 90' lang='lat' dir='ltr'><strong>ornum</strong></span> 
     </span>
     <span class='ocr_line' id='line_1_14' title="bbox 336 1426 1841 1497; baseline -0.001 -13"><span class='ocrx_word' id='word_1_80' title='bbox 336 1430 476 1485; x_wconf 81' lang='lat' dir='ltr'><strong>Cum</strong></span> <span class='ocrx_word' id='word_1_81' title='bbox 501 1427 649 1482; x_wconf 84' lang='lat' dir='ltr'><strong>ferro</strong></span> <span class='ocrx_word' id='word_1_82' title='bbox 673 1427 906 1481; x_wconf 83' lang='lat' dir='ltr'><strong>accisam</strong></span> <span class='ocrx_word' id='word_1_83' title='bbox 929 1426 1244 1497; x_wconf 74' lang='lat' dir='ltr'><strong>crebrisque</strong></span> <span class='ocrx_word' id='word_1_84' title='bbox 1274 1427 1606 1496; x_wconf 83' lang='lat' dir='ltr'><strong>bipennibus</strong></span> <span class='ocrx_word' id='word_1_85' title='bbox 1628 1428 1841 1482; x_wconf 81' lang='lat' dir='ltr'><strong>instant</strong></span> 
     </span>
     <span class='ocr_line' id='line_1_15' title="bbox 332 1514 1755 1585; baseline -0.002 -15"><span class='ocrx_word' id='word_1_86' title='bbox 332 1515 544 1571; x_wconf 83' lang='lat' dir='ltr'><strong>Emere</strong></span> <span class='ocrx_word' id='word_1_87' title='bbox 567 1515 840 1585; x_wconf 76' lang='lat' dir='ltr'><strong>agricolae</strong></span> <span class='ocrx_word' id='word_1_88' title='bbox 865 1517 1116 1570; x_wconf 76' lang='lat' dir='ltr'><strong>certatim</strong></span> <span class='ocrx_word' id='word_1_89' title='bbox 1139 1534 1154 1582; x_wconf 80' lang='lat'>3</span> <span class='ocrx_word' id='word_1_90' title='bbox 1194 1514 1292 1569; x_wconf 86' lang='lat' dir='ltr'><strong>illa</strong></span> <span class='ocrx_word' id='word_1_91' title='bbox 1315 1531 1489 1584; x_wconf 87' lang='lat' dir='ltr'><strong>usque</strong></span> <span class='ocrx_word' id='word_1_92' title='bbox 1508 1515 1755 1568; x_wconf 79' lang='lat' dir='ltr'><strong>minatur</strong></span> 
     </span>
     <span class='ocr_line' id='line_1_16' title="bbox 335 1602 1722 1668; baseline -0.003 -11"><span class='ocrx_word' id='word_1_93' title='bbox 335 1603 410 1658; x_wconf 88' lang='lat' dir='ltr'><strong>Et</strong></span> <span class='ocrx_word' id='word_1_94' title='bbox 431 1603 753 1657; x_wconf 83' lang='lat' dir='ltr'><strong>tremefacta</strong></span> <span class='ocrx_word' id='word_1_95' title='bbox 777 1618 990 1656; x_wconf 85' lang='lat' dir='ltr'><strong>comam</strong></span> <span class='ocrx_word' id='word_1_96' title='bbox 1017 1617 1288 1656; x_wconf 84' lang='lat' dir='ltr'><strong>concusso</strong></span> <span class='ocrx_word' id='word_1_97' title='bbox 1313 1602 1521 1655; x_wconf 82' lang='lat' dir='ltr'><strong>vertice</strong></span> <span class='ocrx_word' id='word_1_98' title='bbox 1544 1605 1722 1668; x_wconf 84' lang='lat' dir='ltr'><strong>nutat,</strong></span> 
     </span>
     <span class='ocr_line' id='line_1_17' title="bbox 333 1688 1711 1758; baseline -0.002 -15"><span class='ocrx_word' id='word_1_99' title='bbox 333 1688 673 1744; x_wconf 74' lang='lat' dir='ltr'><strong>volneribus</strong></span> <span class='ocrx_word' id='word_1_100' title='bbox 696 1688 876 1744; x_wconf 88' lang='lat' dir='ltr'><strong>donec</strong></span> <span class='ocrx_word' id='word_1_101' title='bbox 897 1689 1166 1758; x_wconf 86' lang='lat' dir='ltr'><strong>paulatim</strong></span> <span class='ocrx_word' id='word_1_102' title='bbox 1191 1689 1372 1742; x_wconf 81' lang='lat' dir='ltr'><strong>evicta</strong></span> <span class='ocrx_word' id='word_1_103' title='bbox 1394 1703 1711 1756; x_wconf 86' lang='lat' dir='ltr'><strong>supremum</strong></span> 
     </span>
     <span class='ocr_line' id='line_1_18' title="bbox 335 1774 1607 1845; baseline -0.002 -13"><span class='ocrx_word' id='word_1_104' title='bbox 335 1776 670 1845; x_wconf 86' lang='lat' dir='ltr'><strong>Oongemuit</strong></span> <span class='ocrx_word' id='word_1_105' title='bbox 692 1775 972 1844; x_wconf 80' lang='lat' dir='ltr'><strong>traxitque</strong></span> <span class='ocrx_word' id='word_1_106' title='bbox 994 1775 1135 1844; x_wconf 85' lang='lat' dir='ltr'><strong>iugis</strong></span> <span class='ocrx_word' id='word_1_107' title='bbox 1161 1774 1351 1829; x_wconf 85' lang='lat' dir='ltr'><strong>avulsa</strong></span> <span class='ocrx_word' id='word_1_108' title='bbox 1373 1775 1607 1829; x_wconf 88' lang='lat' dir='ltr'><strong>ruinam.</strong></span> 
     </span>
     <span class='ocr_line' id='line_1_19' title="bbox 335 1859 1877 1932; baseline -0.001 -16"><span class='ocrx_word' id='word_1_109' title='bbox 335 1861 640 1932; x_wconf 85' lang='lat' dir='ltr'><strong>Descende,</strong></span> <span class='ocrx_word' id='word_1_110' title='bbox 669 1879 733 1917; x_wconf 87' lang='lat' dir='ltr'><strong>ac</strong></span> <span class='ocrx_word' id='word_1_111' title='bbox 755 1862 995 1917; x_wconf 85' lang='lat' dir='ltr'><strong>ducente</strong></span> <span class='ocrx_word' id='word_1_112' title='bbox 1018 1861 1124 1916; x_wconf 89' lang='lat' dir='ltr'><strong>deo</strong></span> <span class='ocrx_word' id='word_1_113' title='bbox 1147 1861 1427 1916; x_wconf 85' lang='lat' dir='ltr'><strong>flammam</strong></span> <span class='ocrx_word' id='word_1_114' title='bbox 1450 1862 1597 1915; x_wconf 84' lang='lat' dir='ltr'><strong>inter</strong></span> <span class='ocrx_word' id='word_1_115' title='bbox 1620 1865 1679 1915; x_wconf 86' lang='lat' dir='ltr'><strong>et</strong></span> <span class='ocrx_word' id='word_1_116' title='bbox 1699 1859 1877 1915; x_wconf 82' lang='lat' dir='ltr'><strong>hostis</strong></span> 
     </span>
     <span class='ocr_line' id='line_1_20' title="bbox 333 1941 1874 2018; baseline 0 -16"><span class='ocrx_word' id='word_1_117' title='bbox 333 1941 648 2018; x_wconf 82' lang='lat' dir='ltr'><strong>Expedior;</strong></span> <span class='ocrx_word' id='word_1_118' title='bbox 688 1949 823 2004; x_wconf 89' lang='lat' dir='ltr'><strong>dant</strong></span> <span class='ocrx_word' id='word_1_119' title='bbox 845 1948 958 2003; x_wconf 90' lang='lat' dir='ltr'><strong>tela</strong></span> <span class='ocrx_word' id='word_1_120' title='bbox 977 1947 1177 2017; x_wconf 89' lang='lat' dir='ltr'><strong>locum,</strong></span> <span class='ocrx_word' id='word_1_121' title='bbox 1207 1948 1569 2016; x_wconf 79' lang='lat' dir='ltr'><strong>flammaeque</strong></span> <span class='ocrx_word' id='word_1_122' title='bbox 1592 1947 1874 2002; x_wconf 80' lang='lat' dir='ltr'><strong>recedunt.</strong></span> 
     </span>
    </p>

    <p class='ocr_par' dir='ltr' id='par_1_4' title="bbox 333 2032 1997 3402">
     <span class='ocr_line' id='line_1_21' title="bbox 405 2032 1919 2105; baseline -0.001 -17"><span class='ocrx_word' id='word_1_123' title='bbox 405 2035 596 2104; x_wconf 84' lang='lat' dir='ltr'><strong>Atque</strong></span> <span class='ocrx_word' id='word_1_124' title='bbox 619 2035 715 2088; x_wconf 88' lang='lat' dir='ltr'><strong>ubi</strong></span> <span class='ocrx_word' id='word_1_125' title='bbox 739 2035 847 2089; x_wconf 88' lang='lat' dir='ltr'><strong>iam</strong></span> <span class='ocrx_word' id='word_1_126' title='bbox 871 2035 1085 2105; x_wconf 80' lang='lat' dir='ltr'><strong>patriae</strong></span> <span class='ocrx_word' id='word_1_127' title='bbox 1108 2039 1441 2104; x_wconf 83' lang='lat' dir='ltr'><strong>perventum</strong></span> <span class='ocrx_word' id='word_1_128' title='bbox 1464 2034 1533 2088; x_wconf 90' lang='lat' dir='ltr'><strong>ad</strong></span> <span class='ocrx_word' id='word_1_129' title='bbox 1560 2033 1751 2087; x_wconf 88' lang='lat' dir='ltr'><strong>limina</strong></span> <span class='ocrx_word' id='word_1_130' title='bbox 1772 2032 1919 2086; x_wconf 85' lang='lat' dir='ltr'><strong>sedis</strong></span> 
     </span>
     <span class='ocr_line' id='line_1_22' title="bbox 341 2119 1871 2191; baseline -0.001 -16"><span class='ocrx_word' id='word_1_131' title='bbox 341 2121 720 2190; x_wconf 84' lang='lat' dir='ltr'><strong>Antiquasque</strong></span> <span class='ocrx_word' id='word_1_132' title='bbox 743 2121 950 2190; x_wconf 84' lang='lat' dir='ltr'><strong>domos,</strong></span> <span class='ocrx_word' id='word_1_133' title='bbox 979 2122 1212 2191; x_wconf 85' lang='lat' dir='ltr'><strong>genitor,</strong></span> <span class='ocrx_word' id='word_1_134' title='bbox 1241 2137 1405 2190; x_wconf 86' lang='lat' dir='ltr'><strong>quem</strong></span> <span class='ocrx_word' id='word_1_135' title='bbox 1430 2119 1625 2174; x_wconf 85' lang='lat' dir='ltr'><strong>tollere</strong></span> <span class='ocrx_word' id='word_1_136' title='bbox 1646 2119 1705 2172; x_wconf 91' lang='lat' dir='ltr'><strong>in</strong></span> <span class='ocrx_word' id='word_1_137' title='bbox 1728 2119 1871 2173; x_wconf 85' lang='lat' dir='ltr'><strong>altos</strong></span> 
     </span>
     <span class='ocr_line' id='line_1_23' title="bbox 337 2205 1775 2278; baseline -0.002 -16"><span class='ocrx_word' id='word_1_138' title='bbox 337 2208 618 2278; x_wconf 84' lang='lat' dir='ltr'><strong>Optabam</strong></span> <span class='ocrx_word' id='word_1_139' title='bbox 642 2208 880 2278; x_wconf 87' lang='lat' dir='ltr'><strong>primum</strong></span> <span class='ocrx_word' id='word_1_140' title='bbox 903 2209 1110 2263; x_wconf 82' lang='lat' dir='ltr'><strong>montis</strong></span> <span class='ocrx_word' id='word_1_141' title='bbox 1129 2209 1479 2278; x_wconf 85' lang='lat' dir='ltr'><strong>primumque</strong></span> <span class='ocrx_word' id='word_1_142' title='bbox 1502 2205 1775 2275; x_wconf 76' lang='lat' dir='ltr'><strong>petebam,</strong></span> 
     </span>
     <span class='ocr_line' id='line_1_24' title="bbox 336 2293 1513 2366; baseline -0.001 -18"><span class='ocrx_word' id='word_1_143' title='bbox 336 2294 598 2366; x_wconf 79' lang='lat' dir='ltr'><strong>Abnegat</strong></span> <span class='ocrx_word' id='word_1_144' title='bbox 619 2296 802 2350; x_wconf 88' lang='lat' dir='ltr'><strong>excisa</strong></span> <span class='ocrx_word' id='word_1_145' title='bbox 825 2295 994 2350; x_wconf 85' lang='lat' dir='ltr'><strong>vitam</strong></span> <span class='ocrx_word' id='word_1_146' title='bbox 1017 2295 1322 2365; x_wconf 86' lang='lat' dir='ltr'><strong>producere</strong></span> <span class='ocrx_word' id='word_1_147' title='bbox 1345 2293 1513 2348; x_wconf 83' lang='lat' dir='ltr'><strong>Troia</strong></span> 
     </span>
     <span class='ocr_line' id='line_1_25' title="bbox 333 2379 1817 2452; baseline -0.001 -17"><span class='ocrx_word' id='word_1_148' title='bbox 333 2379 713 2452; x_wconf 72' lang='lat' dir='ltr'><strong>Exsiliumque</strong></span> <span class='ocrx_word' id='word_1_149' title='bbox 735 2381 871 2450; x_wconf 87' lang='lat' dir='ltr'><strong>pati.</strong></span> <span class='ocrx_word' id='word_1_150' title='bbox 947 2383 984 2412; x_wconf 78' lang='lat'><strong>‘⁶</strong></span> <span class='ocrx_word' id='word_1_151' title='bbox 1003 2381 1126 2435; x_wconf 89' lang='lat' dir='ltr'><strong>Vos</strong></span> <span class='ocrx_word' id='word_1_152' title='bbox 1149 2399 1200 2450; x_wconf 90' lang='lat' dir='ltr'><strong>o,</strong></span> <span class='ocrx_word' id='word_1_153' title='bbox 1229 2381 1429 2452; x_wconf 83' lang='lat' dir='ltr'><strong>quibus</strong></span> <span class='ocrx_word' id='word_1_154' title='bbox 1450 2382 1671 2450; x_wconf 82' lang='lat' dir='ltr'><strong>integer</strong></span> <span class='ocrx_word' id='word_1_155' title='bbox 1694 2380 1817 2434; x_wconf 82' lang='lat' dir='ltr'><strong>aevi</strong></span> 
     </span>
     <span class='ocr_line' id='line_1_26' title="bbox 335 2467 1856 2538; baseline -0.001 -15"><span class='ocrx_word' id='word_1_156' title='bbox 335 2467 566 2538; x_wconf 79' lang='lat' dir='ltr'><strong>Sanguis</strong></span> <span class='ocrx_word' id='word_1_157' title='bbox 586 2469 618 2497; x_wconf 92' lang='lat'>”</span> <span class='ocrx_word' id='word_1_158' title='bbox 645 2469 722 2524; x_wconf 84' lang='lat' dir='ltr'><strong>ait</strong></span> <span class='ocrx_word' id='word_1_159' title='bbox 771 2470 806 2499; x_wconf 76' lang='lat'><strong>‘⁴</strong></span> <span class='ocrx_word' id='word_1_160' title='bbox 835 2468 1150 2538; x_wconf 76' lang='lat' dir='ltr'><strong>solidaeque</strong></span> <span class='ocrx_word' id='word_1_161' title='bbox 1173 2481 1274 2524; x_wconf 79' lang='lat' dir='ltr'><strong>suo</strong></span> <span class='ocrx_word' id='word_1_162' title='bbox 1297 2471 1450 2523; x_wconf 83' lang='lat' dir='ltr'><strong>stant</strong></span> <span class='ocrx_word' id='word_1_163' title='bbox 1472 2469 1672 2522; x_wconf 87' lang='lat' dir='ltr'><strong>robore</strong></span> <span class='ocrx_word' id='word_1_164' title='bbox 1696 2467 1856 2536; x_wconf 80' lang='lat' dir='ltr'><strong>vires,</strong></span> 
     </span>
     <span class='ocr_line' id='line_1_27' title="bbox 337 2554 917 2626; baseline 0 -16"><span class='ocrx_word' id='word_1_165' title='bbox 337 2554 460 2610; x_wconf 83' lang='lat' dir='ltr'><strong>Vos</strong></span> <span class='ocrx_word' id='word_1_166' title='bbox 481 2556 688 2626; x_wconf 86' lang='lat' dir='ltr'><strong>agitate</strong></span> <span class='ocrx_word' id='word_1_167' title='bbox 711 2557 917 2625; x_wconf 70' lang='lat' dir='ltr'><strong>fugam.</strong></span> 
     </span>
     <span class='ocr_line' id='line_1_28' title="bbox 335 2637 1592 2708; baseline 0.001 -15"><span class='ocrx_word' id='word_1_168' title='bbox 335 2637 429 2693; x_wconf 74' lang='lat' dir='ltr'><strong>Me</strong></span> <span class='ocrx_word' id='word_1_169' title='bbox 457 2641 502 2696; x_wconf 86' lang='lat' dir='ltr'><strong>si</strong></span> <span class='ocrx_word' id='word_1_170' title='bbox 531 2641 822 2696; x_wconf 84' lang='lat' dir='ltr'><strong>caelicolae</strong></span> <span class='ocrx_word' id='word_1_171' title='bbox 843 2640 1152 2696; x_wconf 77' lang='lat' dir='ltr'><strong>voluissent</strong></span> <span class='ocrx_word' id='word_1_172' title='bbox 1175 2639 1377 2694; x_wconf 87' lang='lat' dir='ltr'><strong>ducere</strong></span> <span class='ocrx_word' id='word_1_173' title='bbox 1399 2640 1592 2708; x_wconf 82' lang='lat' dir='ltr'><strong>vitam,</strong></span> 
     </span>
     <span class='ocr_line' id='line_1_29' title="bbox 335 2725 1797 2795; baseline -0.001 -15"><span class='ocrx_word' id='word_1_174' title='bbox 335 2725 452 2781; x_wconf 84' lang='lat' dir='ltr'><strong>Has</strong></span> <span class='ocrx_word' id='word_1_175' title='bbox 474 2727 610 2780; x_wconf 90' lang='lat' dir='ltr'><strong>mihi</strong></span> <span class='ocrx_word' id='word_1_176' title='bbox 634 2731 946 2782; x_wconf 79' lang='lat' dir='ltr'><strong>servassent</strong></span> <span class='ocrx_word' id='word_1_177' title='bbox 968 2727 1141 2781; x_wconf 86' lang='lat' dir='ltr'><strong>sedes.</strong></span> <span class='ocrx_word' id='word_1_178' title='bbox 1217 2726 1366 2781; x_wconf 80' lang='lat' dir='ltr'><strong>Satis</strong></span> <span class='ocrx_word' id='word_1_179' title='bbox 1390 2741 1498 2780; x_wconf 83' lang='lat' dir='ltr'><strong>una</strong></span> <span class='ocrx_word' id='word_1_180' title='bbox 1522 2741 1797 2795; x_wconf 81' lang='lat' dir='ltr'><strong>superque</strong></span> 
     </span>
     <span class='ocr_line' id='line_1_30' title="bbox 334 2812 1723 2885; baseline -0.001 -17"><span class='ocrx_word' id='word_1_181' title='bbox 334 2812 594 2868; x_wconf 77' lang='lat' dir='ltr'><strong>Vidimus</strong></span> <span class='ocrx_word' id='word_1_182' title='bbox 617 2814 860 2869; x_wconf 73' lang='lat' dir='ltr'><strong>exscidia</strong></span> <span class='ocrx_word' id='word_1_183' title='bbox 882 2819 942 2869; x_wconf 84' lang='lat' dir='ltr'><strong>et</strong></span> <span class='ocrx_word' id='word_1_184' title='bbox 963 2820 1157 2885; x_wconf 81' lang='lat' dir='ltr'><strong>captae</strong></span> <span class='ocrx_word' id='word_1_185' title='bbox 1179 2815 1559 2884; x_wconf 75' lang='lat' dir='ltr'><strong>superavimus</strong></span> <span class='ocrx_word' id='word_1_186' title='bbox 1584 2813 1723 2867; x_wconf 87' lang='lat' dir='ltr'><strong>urbi.</strong></span> 
     </span>
     <span class='ocr_line' id='line_1_31' title="bbox 335 2897 1606 2970; baseline 0 -16"><span class='ocrx_word' id='word_1_187' title='bbox 335 2897 428 2954; x_wconf 84' lang='lat' dir='ltr'><strong>Sic</strong></span> <span class='ocrx_word' id='word_1_188' title='bbox 451 2917 502 2969; x_wconf 92' lang='lat' dir='ltr'><strong>o,</strong></span> <span class='ocrx_word' id='word_1_189' title='bbox 529 2901 610 2956; x_wconf 85' lang='lat' dir='ltr'><strong>sic</strong></span> <span class='ocrx_word' id='word_1_190' title='bbox 633 2901 876 2970; x_wconf 83' lang='lat' dir='ltr'><strong>positum</strong></span> <span class='ocrx_word' id='word_1_191' title='bbox 899 2900 1074 2955; x_wconf 74' lang='lat' dir='ltr'><strong>adfati</strong></span> <span class='ocrx_word' id='word_1_192' title='bbox 1095 2901 1362 2956; x_wconf 78' lang='lat' dir='ltr'><strong>discedite</strong></span> <span class='ocrx_word' id='word_1_193' title='bbox 1386 2915 1606 2970; x_wconf 80' lang='lat' dir='ltr'><strong>eorpus.</strong></span> 
     </span>
     <span class='ocr_line' id='line_1_32' title="bbox 335 2985 1839 3056; baseline 0 -16"><span class='ocrx_word' id='word_1_194' title='bbox 335 2985 462 3056; x_wconf 87' lang='lat' dir='ltr'><strong>Ipse</strong></span> <span class='ocrx_word' id='word_1_195' title='bbox 482 3003 654 3041; x_wconf 88' lang='lat' dir='ltr'><strong>manu</strong></span> <span class='ocrx_word' id='word_1_196' title='bbox 675 2991 913 3041; x_wconf 89' lang='lat' dir='ltr'><strong>mortem</strong></span> <span class='ocrx_word' id='word_1_197' title='bbox 938 2987 1248 3055; x_wconf 79' lang='lat' dir='ltr'><strong>inveniam3</strong></span> <span class='ocrx_word' id='word_1_198' title='bbox 1287 2987 1639 3042; x_wconf 80' lang='lat' dir='ltr'><strong>miserebitur</strong></span> <span class='ocrx_word' id='word_1_199' title='bbox 1660 2985 1839 3040; x_wconf 80' lang='lat' dir='ltr'><strong>hostis</strong></span> 
     </span>
     <span class='ocr_line' id='line_1_33' title="bbox 333 3071 1639 3144; baseline 0 -18"><span class='ocrx_word' id='word_1_200' title='bbox 333 3071 688 3144; x_wconf 81' lang='lat' dir='ltr'><strong>Exuviasque</strong></span> <span class='ocrx_word' id='word_1_201' title='bbox 709 3078 894 3143; x_wconf 77' lang='lat' dir='ltr'><strong>petet3</strong></span> <span class='ocrx_word' id='word_1_202' title='bbox 935 3073 1118 3128; x_wconf 72' lang='lat' dir='ltr'><strong>facilis</strong></span> <span class='ocrx_word' id='word_1_203' title='bbox 1142 3074 1358 3129; x_wconf 89' lang='lat' dir='ltr'><strong>iactura</strong></span> <span class='ocrx_word' id='word_1_204' title='bbox 1382 3073 1639 3143; x_wconf 80' lang='lat' dir='ltr'><strong>sepulcri.</strong></span> 
     </span>
     <span class='ocr_line' id='line_1_34' title="bbox 333 3158 1611 3230; baseline 0.002 -18"><span class='ocrx_word' id='word_1_205' title='bbox 333 3158 451 3214; x_wconf 84' lang='lat' dir='ltr'><strong>Iam</strong></span> <span class='ocrx_word' id='word_1_206' title='bbox 476 3159 694 3230; x_wconf 86' lang='lat' dir='ltr'><strong>pridem</strong></span> <span class='ocrx_word' id='word_1_207' title='bbox 719 3160 926 3214; x_wconf 83' lang='lat' dir='ltr'><strong>invisus</strong></span> <span class='ocrx_word' id='word_1_208' title='bbox 947 3160 1092 3215; x_wconf 82' lang='lat' dir='ltr'><strong>divis</strong></span> <span class='ocrx_word' id='word_1_209' title='bbox 1113 3166 1174 3214; x_wconf 86' lang='lat' dir='ltr'><strong>et</strong></span> <span class='ocrx_word' id='word_1_210' title='bbox 1195 3159 1409 3215; x_wconf 86' lang='lat' dir='ltr'><strong>inutilis</strong></span> <span class='ocrx_word' id='word_1_211' title='bbox 1433 3175 1611 3215; x_wconf 83' lang='lat' dir='ltr'><strong>annos</strong></span> 
     </span>
     <span class='ocr_line' id='line_1_35' title="bbox 333 3244 1997 3316; baseline -0.001 -16"><span class='ocrx_word' id='word_1_212' title='bbox 333 3244 624 3314; x_wconf 85' lang='lat' dir='ltr'><strong>Demeror,</strong></span> <span class='ocrx_word' id='word_1_213' title='bbox 653 3262 722 3300; x_wconf 89' lang='lat' dir='ltr'><strong>ex</strong></span> <span class='ocrx_word' id='word_1_214' title='bbox 747 3262 858 3315; x_wconf 89' lang='lat' dir='ltr'><strong>quo</strong></span> <span class='ocrx_word' id='word_1_215' title='bbox 881 3262 972 3300; x_wconf 89' lang='lat' dir='ltr'><strong>me</strong></span> <span class='ocrx_word' id='word_1_216' title='bbox 995 3246 1182 3301; x_wconf 81' lang='lat' dir='ltr'><strong>divom</strong></span> <span class='ocrx_word' id='word_1_217' title='bbox 1207 3251 1369 3316; x_wconf 89' lang='lat' dir='ltr'><strong>pater</strong></span> <span class='ocrx_word' id='word_1_218' title='bbox 1394 3252 1561 3316; x_wconf 85' lang='lat' dir='ltr'><strong>atque</strong></span> <span class='ocrx_word' id='word_1_219' title='bbox 1582 3245 1875 3298; x_wconf 84' lang='lat' dir='ltr'><strong>bominum</strong></span> <span class='ocrx_word' id='word_1_220' title='bbox 1898 3261 1997 3299; x_wconf 87' lang='lat' dir='ltr'><strong>rex</strong></span> 
     </span>
     <span class='ocr_line' id='line_1_36' title="bbox 333 3331 1593 3402; baseline 0 -16"><span class='ocrx_word' id='word_1_221' title='bbox 333 3331 604 3387; x_wconf 80' lang='lat' dir='ltr'><strong>Fulminis</strong></span> <span class='ocrx_word' id='word_1_222' title='bbox 628 3331 858 3387; x_wconf 82' lang='lat' dir='ltr'><strong>adflavit</strong></span> <span class='ocrx_word' id='word_1_223' title='bbox 881 3333 1060 3386; x_wconf 81' lang='lat' dir='ltr'><strong>ventis</strong></span> <span class='ocrx_word' id='word_1_224' title='bbox 1081 3339 1140 3388; x_wconf 90' lang='lat' dir='ltr'><strong>et</strong></span> <span class='ocrx_word' id='word_1_225' title='bbox 1163 3333 1399 3401; x_wconf 88' lang='lat' dir='ltr'><strong>contigit</strong></span> <span class='ocrx_word' id='word_1_226' title='bbox 1420 3331 1593 3402; x_wconf 85' lang='lat' dir='ltr'><strong>igni.”</strong></span> 
     </span>
    </p>

    <p class='ocr_par' dir='ltr' id='par_1_5' title="bbox 335 3417 1793 3574">
     <span class='ocr_line' id='line_1_37' title="bbox 401 3417 1793 3489; baseline -0.004 -14"><span class='ocrx_word' id='word_1_227' title='bbox 401 3419 556 3475; x_wconf 85' lang='lat' dir='ltr'><strong>Talia</strong></span> <span class='ocrx_word' id='word_1_228' title='bbox 578 3419 865 3489; x_wconf 82' lang='lat' dir='ltr'><strong>perstabat</strong></span> <span class='ocrx_word' id='word_1_229' title='bbox 887 3434 1216 3488; x_wconf 76' lang='lat' dir='ltr'><strong>memorans,</strong></span> <span class='ocrx_word' id='word_1_230' title='bbox 1243 3417 1493 3488; x_wconf 86' lang='lat' dir='ltr'><strong>fixusque</strong></span> <span class='ocrx_word' id='word_1_231' title='bbox 1514 3417 1793 3471; x_wconf 83' lang='lat' dir='ltr'><strong>manebat.</strong></span> 
     </span>
     <span class='ocr_line' id='line_1_38' title="bbox 335 3503 1739 3574; baseline -0.005 -11"><span class='ocrx_word' id='word_1_232' title='bbox 335 3505 455 3563; x_wconf 82' lang='lat' dir='ltr'><strong>Nos</strong></span> <span class='ocrx_word' id='word_1_233' title='bbox 477 3511 676 3562; x_wconf 83' lang='lat' dir='ltr'><strong>contra</strong></span> <span class='ocrx_word' id='word_1_234' title='bbox 697 3505 860 3560; x_wconf 78' lang='lat' dir='ltr'><strong>effusi</strong></span> <span class='ocrx_word' id='word_1_235' title='bbox 884 3505 1128 3560; x_wconf 83' lang='lat' dir='ltr'><strong>lacrimis</strong></span> <span class='ocrx_word' id='word_1_236' title='bbox 1151 3507 1501 3574; x_wconf 88' lang='lat' dir='ltr'><strong>coniunxque</strong></span> <span class='ocrx_word' id='word_1_237' title='bbox 1529 3503 1739 3557; x_wconf 86' lang='lat' dir='ltr'><strong>Creusa</strong></span> 
     </span>
    </p>
   </div>
   <div class='ocr_carea' id='block_1_3' title="bbox 2262 385 2451 474">
    <p class='ocr_par' dir='ltr' id='par_1_6' title="bbox 2262 385 2451 474">
     <span class='ocr_line' id='line_1_39' title="bbox 2262 385 2451 474; baseline 0.011 -36"><span class='ocrx_word' id='word_1_238' title='bbox 2262 385 2367 440; x_wconf 69' lang='lat'><strong>⁶15</strong></span> <span class='ocrx_word' id='word_1_239' title='bbox 2448 469 2451 474; x_wconf 21' lang='grc' dir='ltr'>Ι</span> 
     </span>
    </p>
   </div>
   <div class='ocr_carea' id='block_1_4' title="bbox 2262 821 2367 873">
    <p class='ocr_par' dir='ltr' id='par_1_7' title="bbox 2262 821 2367 873">
     <span class='ocr_line' id='line_1_40' title="bbox 2262 821 2367 873; baseline 0 0"><span class='ocrx_word' id='word_1_240' title='bbox 2262 821 2367 873; x_wconf 79' lang='lat'><strong>620</strong></span> 
     </span>
    </p>
   </div>
   <div class='ocr_carea' id='block_1_5' title="bbox 2262 1255 2365 1308">
    <p class='ocr_par' dir='ltr' id='par_1_8' title="bbox 2262 1255 2365 1308">
     <span class='ocr_line' id='line_1_41' title="bbox 2262 1255 2365 1308; baseline 0.01 -1"><span class='ocrx_word' id='word_1_241' title='bbox 2262 1255 2365 1308; x_wconf 78' lang='lat'><strong>625</strong></span> 
     </span>
    </p>
   </div>
   <div class='ocr_carea' id='block_1_6' title="bbox 2263 1689 2367 1740">
    <p class='ocr_par' dir='ltr' id='par_1_9' title="bbox 2263 1689 2367 1740">
     <span class='ocr_line' id='line_1_42' title="bbox 2263 1689 2367 1740; baseline 0 0"><span class='ocrx_word' id='word_1_242' title='bbox 2263 1689 2367 1740; x_wconf 79' lang='lat'><strong>630</strong></span> 
     </span>
    </p>
   </div>
   <div class='ocr_carea' id='block_1_7' title="bbox 2263 2120 2365 2172">
    <p class='ocr_par' dir='ltr' id='par_1_10' title="bbox 2263 2120 2365 2172">
     <span class='ocr_line' id='line_1_43' title="bbox 2263 2120 2365 2172; baseline 0 0"><span class='ocrx_word' id='word_1_243' title='bbox 2263 2120 2365 2172; x_wconf 75' lang='lat'><strong>685</strong></span> 
     </span>
    </p>
   </div>
  </div>
 </body>
</html>
