2725 3892
981 218 1255 270 vanum
1301 218 1677 271 GEORGIOON
1723 218 1762 271 1.

355 381 454 437 Sin
479 386 608 438 ortu
633 385 1144 453 quarto—namque
1167 382 1216 436 is
1239 381 1577 437 certissimus
1608 386 1873 435 auctor-

355 468 506 523 Pura
525 484 708 538 neque
731 467 986 523 obtunsis
1011 484 1112 537 per
1136 467 1346 522 caelum
1374 465 1637 521 cornibus
1660 466 1785 533 ibit,

355 555 526 610 Totus
551 562 608 610 et
629 555 723 609 ille
747 554 882 622 dies,
910 558 969 609 et
993 554 1085 623 qui
1109 560 1409 619 nascentur
1433 553 1503 608 ab
1526 552 1625 607 illo

355 642 626 697 Exactum
650 642 722 697 ad
745 656 1010 710 mensem,
1039 640 1228 711 pluvia
1250 641 1541 709 ventisque
1564 638 1854 707 carebunt,

357 728 618 801 Votaque
641 727 846 783 servati
869 726 1088 781 solvent
1109 728 1168 781 in
1193 727 1357 782 litore
1382 732 1584 781 nautae

357 816 568 870 Glauco
593 819 652 870 et
675 814 966 882 Panopeae
997 818 1056 868 et
1079 813 1220 867 Inoo
1244 812 1576 867 Melicertae.

357 904 452 959 Sol
477 918 694 974 qnoque
718 908 776 957 et
801 902 1072 969 exoriens,
1101 906 1158 955 et
1181 916 1306 955 cnm
1331 916 1393 954 se
1419 900 1621 955 condet
1642 900 1699 953 in
1726 899 1916 967 undas,

357 990 526 1060 Signa
547 988 736 1055 dabit3
775 989 950 1043 solem
975 986 1282 1043 certissima
1305 988 1466 1056 signa
1486 992 1809 1056 sequuntur,

355 1076 432 1131 Et
453 1092 593 1147 quae
615 1092 780 1130 mane
804 1074 990 1143 refert,
1017 1080 1078 1129 et
1101 1089 1242 1143 quae
1269 1073 1625 1143 surgentibus
1648 1073 1825 1129 astris.

357 1163 458 1219 Ille
485 1164 578 1217 ubi
599 1167 918 1217 nascentem
944 1160 1175 1217 maculis
1199 1160 1503 1217 variaverit
1528 1165 1713 1215 ortum

359 1249 630 1305 Conditus
649 1248 708 1303 in
733 1249 952 1317 nubem,
979 1247 1272 1319 medioque
1297 1246 1567 1317 refugerit
1591 1248 1741 1315 orbe,
1850 1298 1855 1310 ,

357 1336 609 1407 Suspecti
633 1335 734 1391 tibi
758 1336 871 1390 sint
893 1336 1128 1403 imbres3
1165 1351 1405 1405 namque
1429 1340 1589 1404 urget
1610 1335 1681 1389 ab
1704 1334 1823 1389 alto

361 1422 772 1493 Arboribusque
796 1422 1038 1491 satisque
1061 1420 1244 1477 Notus
1269 1422 1563 1492 pecorique
1586 1420 1823 1487 sinister.

359 1512 477 1565 Aut
498 1508 597 1564 nbi
620 1510 722 1565 sub
745 1508 926 1564 lucem
949 1508 1126 1563 densa
1147 1508 1294 1563 inter
1318 1507 1509 1563 nubila
1532 1516 1669 1579 seae‘

359 1596 576 1651 Diversi
601 1600 864 1666 rumpent
885 1594 1042 1665 radii,
1074 1600 1172 1650 aut
1193 1595 1290 1649 nbi
1313 1594 1521 1665 pallida
1544 1600 1735 1665 surget

355 1682 580 1741 Tithoni
603 1698 858 1737 croceum
885 1682 1140 1751 linquens
1163 1684 1389 1739 Aurora
1414 1682 1609 1753 cubile,

357 1768 496 1837 Heu,
523 1769 666 1824 male
691 1774 812 1823 turn
836 1768 986 1823 mitis
1006 1768 1270 1825 defendet
1291 1771 1586 1841 pampinus
1610 1788 1777 1826 uvas:

355 1857 488 1913 Tam
517 1856 690 1911 multa
711 1856 771 1911 in
801 1857 964 1911 tectis
989 1857 1270 1927 crepitans
1291 1857 1421 1913 salit
1446 1857 1669 1913 horrida
1692 1858 1927 1928 grando.

358 1945 480 2001 Hoc
503 1946 689 2015 etiam,
717 1963 941 2002 emenso
967 1962 1090 2001 cum
1117 1946 1228 2001 iam
1251 1945 1471 2001 decedit
1493 1946 1753 2015 Olympo,

357 2032 640 2089 Profuerit
663 2034 980 2089 meminisse
1001 2034 1206 2105 magis;
1245 2049 1377 2087 nam
1400 2048 1565 2102 saepe
1588 2031 1837 2087 videmus

358 2118 536 2191 Ipsius
559 2120 620 2175 in
645 2120 796 2177 voltu
821 2122 1007 2176 varios
1029 2138 1216 2177 errare
1239 2121 1483 2176 colores:

357 2206 658 2263 Caeruleus
681 2207 925 2277 pluviam
951 2207 1262 2275 denuntiat,
1287 2208 1485 2277 ignens
1508 2206 1716 2273 Euros;

357 2292 452 2349 Sin
479 2294 726 2349 maculae
749 2294 1016 2365 incipient
1039 2294 1210 2350 rutilo
1233 2294 1593 2351 immiscerier
1620 2294 1752 2364 igni,

357 2379 560 2435 Omnia
589 2386 710 2435 tum
733 2380 944 2450 pariter
968 2390 1136 2437 vento
1157 2382 1471 2452 nimbisque
1494 2380 1706 2437 videbis

357 2466 610 2523 Fervet-e.
683 2466 816 2523 Non
837 2466 945 2523 illa
958 2468 1248 2544 quisquam
1269 2484 1362 2523 me
1386 2474 1551 2525 nocte
1574 2484 1674 2539 per
1697 2468 1869 2525 altum

359 2550 460 2623 Ire,
487 2570 666 2625 neque
690 2572 724 2610 a
749 2562 898 2611 terra
917 2561 1146 2611 moneat
1170 2555 1483 2612 convellere
1506 2556 1713 2611 funem.

359 2641 442 2695 At
461 2640 526 2709 si,
551 2656 674 2695 cum
701 2641 1014 2712 referetque
1037 2642 1184 2697 diem
1210 2642 1523 2715 condetque
1546 2642 1797 2712 relatum,

359 2724 594 2783 Lucidus
617 2727 769 2784 orbis
792 2728 915 2798 erit,
943 2728 1148 2785 flustra
1172 2730 1455 2785 terrebere
1486 2730 1705 2799 nimbis,

357 2812 434 2869 Et
455 2814 606 2871 claro
630 2814 796 2871 silvas
817 2832 1010 2871 cernes
1034 2816 1312 2889 Aquilone
1335 2818 1563 2872 moveri.

359 2898 624 2973 Denique,
645 2902 780 2973 quid
804 2919 1000 2973 vesper
1023 2920 1178 2959 serus
1202 2904 1387 2973 vehat,
1418 2904 1563 2959 unde
1586 2918 1806 2961 serenas

359 2988 578 3043 Ventus
600 2995 728 3058 agat
751 2990 942 3059 nubes,
971 2990 1104 3060 qnid
1129 2990 1338 3059 cogitet
1364 2990 1585 3045 umidus
1608 2990 1832 3057 Auster,

359 3076 452 3129 Sel
475 3076 580 3129 tibi
603 3076 764 3144 signa
785 3075 956 3131 dabit.
1032 3076 1218 3131 Solem
1247 3077 1370 3146 quie
1394 3076 1579 3131 dicere
1602 3076 1805 3131 falsum

359 3160 617 3215 Audeat?
691 3160 792 3215 Ille
817 3162 986 3217 etiam
1009 3178 1202 3217 caecos
1227 3163 1439 3217 instare
1464 3162 1735 3217 tumultus

359 3246 534 3317 Saepe
557 3253 766 3317 monet,
793 3248 1156 3318 fraudemque
1183 3254 1240 3303 et
1265 3257 1463 3319 operta
1485 3254 1791 3302 tumescere
1817 3246 1973 3301 bella.

359 3332 461 3389 Ille
484 3336 650 3389 etiam
677 3335 954 3389 exstincto
977 3336 1270 3393 miseratus
1293 3334 1535 3389 Caesare
1560 3334 1812 3400 Romam,

359 3421 496 3475 Oum
524 3425 691 3491 caput
717 3421 950 3476 obscura
970 3421 1210 3477 nitidum
1233 3420 1517 3488 ferrugine
1540 3418 1701 3485 texit,

359 3504 642 3577 Impiaque
665 3511 948 3563 aeternam
969 3508 1278 3562 timuerunt
1301 3505 1525 3560 saecula
1548 3510 1787 3557 noctem.

2286 640 2391 693 485

2286 1948 2392 2001 450

2286 2382 2389 2435 465

2287 2816 2393 2869 460

2292 3244 2396 3297 465
