2725 3892
973 222 1250 274 Vnssfflm
1293 220 1625 271 AENEIDOS
1667 220 1782 271 x11.

362 386 696 442 Discurrunt
720 384 814 441 alii
839 385 910 440 ad
934 388 1126 454 portas
1155 383 1472 451 primosque
1498 380 1797 448 trucidant,

362 474 592 529 Ferrum
619 472 712 527 alii
737 476 1002 541 torquent
1027 478 1085 524 et
1109 470 1445 526 obumbrant
1472 468 1703 523 aethera
1726 468 1869 523 telis.

363 562 488 629 Ipse
513 561 659 614 inter
684 560 896 628 primos
924 557 1180 611 dextram
1208 556 1309 609 sub
1335 556 1558 609 moenia
1582 554 1768 608 tendit

366 648 598 713 Aeneae,
626 661 936 715 magnaque
963 645 1176 697 incusat
1205 658 1339 695 voce
1369 640 1642 709 Latinum,

363 734 724 804 Testaturque
749 732 882 788 deos
905 732 1110 785 iterum
1137 746 1195 783 se
1221 729 1288 783 ad
1315 728 1527 797 proelia
1550 728 1690 796 cogi,

363 822 460 876 Bis
484 822 596 877 iam
621 821 792 875 Italos
813 818 1006 886 hostis,
1038 817 1172 871 haec
1197 816 1304 871 iam
1333 814 1512 869 altera
1536 814 1765 869 foedera
1788 815 1988 884 rumpi.

363 908 626 962 Exoritur
651 906 894 976 trepidos
917 906 1062 958 inter
1088 902 1366 957 discordia
1392 901 1554 955 civist

367 995 570 1050 Urbem
597 994 688 1049 alii
713 1010 956 1049 reserare
981 991 1176 1046 iubent
1203 993 1260 1043 et
1285 989 1531 1058 pandere
1556 992 1745 1058 portas

364 1082 708 1149 Dardanidis,
735 1082 1022 1151 ipsumque
1047 1077 1278 1132 trahunt
1303 1076 1361 1129 in
1390 1074 1612 1143 moenia
1638 1090 1854 1143 regem3

366 1169 540 1223 Arma
562 1170 755 1223 ferunt
777 1168 872 1223 alii
899 1172 956 1221 et
979 1170 1222 1237 pergunt
1247 1163 1543 1218 defendere
1570 1176 1792 1214 muros:

365 1255 610 1309 Inclusas
633 1260 696 1309 ut
719 1270 846 1308 cum
869 1253 1150 1308 latebroso
1175 1254 1234 1305 in
1261 1251 1481 1321 pumice
1509 1254 1699 1317 pastor

365 1342 678 1410 Vestigavit
703 1358 849 1411 apes,
877 1342 1144 1410 fumoque
1167 1339 1423 1408 implevit
1446 1352 1635 1391 amaro
1654 1342 1796 1403 ξς

365 1428 501 1483 Illae
525 1429 674 1482 intus
695 1428 945 1497 trepidae
969 1442 1152 1481 rerum
1179 1443 1280 1494 per
1305 1440 1467 1479 cerea
1494 1428 1679 1477 castra

365 1514 710 1583 Discurrunt,
736 1514 1057 1583 magnisque
1081 1520 1286 1567 acuunt
1311 1510 1653 1581 stridoribus·
1668 1509 1805 1575 iras3

365 1602 631 1655 Volvitur
654 1606 774 1655 ater
799 1601 938 1655 odor
961 1602 1153 1670 tectis3
1193 1586 1312 1653 tum
1338 1616 1621 1656 murmure
1644 1614 1811 1651 caeco

365 1687 522 1742 Intus
547 1704 678 1743 saxa
701 1678 928 1756 sonant}
973 1704 1176 1742 vacuas
1198 1688 1244 1741 it
1267 1688 1459 1741 fumus
1484 1686 1552 1739 ad
1580 1700 1756 1739 auras.

437 1776 657 1831 Accidit
679 1776 817 1829 haec
838 1775 996 1829 fessis
1021 1776 1188 1829 etiam
1212 1776 1443 1829 fortuna
1467 1772 1693 1841 Latinis,

365 1863 520 1928 Quae
543 1862 718 1916 totam
745 1862 896 1916 luctu
921 1862 1199 1929 concussit
1224 1861 1479 1928 funditus
1501 1860 1712 1915 urbem.

365 1950 578 2017 Regina
601 1956 664 2003 ut
689 1949 852 2005 tectis
876 1948 1192 2003 venientem
1218 1947 1487 2017 prospicit
1512 1946 1749 2015 hostem,
1784 2000 1793 2011 ,

365 2036 570 2091 Incessi
593 2053 796 2104 muros,
825 2036 971 2105 ignis
996 2036 1067 2091 ad
1091 2042 1241 2091 tecta
1263 2036 1467 2103 volare,

367 2124 650 2193 Nusquam
675 2125 819 2178 acies
843 2128 1041 2178 contra
1062 2122 1312 2191 Rutulas,
1341 2122 1495 2176 nulla
1518 2122 1739 2191 agmina
1762 2121 1966 2177 Turniz
1999 2152 2030 2161 ἐ

365 2211 564 2264 Infelix
589 2226 806 2280 pugnae
829 2211 1084 2264 iuvenem
1111 2211 1168 2263 in
1193 2210 1497 2281 certamine
1523 2210 1699 2264 credit

364 2297 731 2363 Exstinctum‚
759 2302 831 2365 et,
854 2298 1040 2351 subito
1063 2302 1306 2350 mentem
1329 2298 1553 2351 turbata
1576 2295 1782 2361 dolore,

366 2385 436 2439 Se
461 2401 680 2440 causam
707 2377 912 2438 ‹flamat
935 2385 1252 2451 crimenque
1275 2390 1551 2453 caputque
1584 2384 1870 2451 malorum,

367 2471 650 2541 Multaque
673 2488 776 2541 per
799 2476 1068 2525 maestum
1095 2469 1320 2524 demens
1345 2471 1515 2525 effata
1536 2470 1797 2539 furorem,

366 2559 682 2628 Purpureos
705 2559 976 2611 moritura
998 2572 1164 2609 manu
1192 2555 1455 2611 discindit
1480 2558 1729 2625 amictus,

365 2645 440 2699 Et
464 2642 669 2698 nodum
695 2644 946 2697 informis
971 2642 1066 2697 leti
1091 2642 1250 2695 trabe
1273 2644 1452 2697 nectit
1476 2644 1546 2697 ab
1572 2642 1697 2697 alta.
1712 2650 1782 2705 ,⁹⁶-

368 2732 546 2797 Quam
571 2730 783 2785 cladem
807 2730 1042 2784 miserae
1067 2732 1356 2798 postquam
1388 2746 1649 2799 accepere
1674 2728 1917 2796 Latinae,

366 2818 508 2872 Filia
531 2818 712 2888 prima
733 2832 902 2871 manu
923 2816 1098 2870 flavos
1121 2816 1351 2870 Lavinia
1376 2816 1543 2871 crinis

367 2905 442 2959 Et
463 2921 652 2959 roseas
673 2903 881 2959 laniata
901 2920 1084 2973 genas,
1113 2908 1233 2957 tum
1259 2909 1448 2958 cetera
1470 2904 1674 2958 circum

367 2990 553 3045 Turba
573 2990 739 3057 furit3
779 2994 1044 3043 resonant
1065 2990 1178 3045 late
1205 2990 1563 3059 plangoribus
1588 2990 1767 3045 aedes.

371 3078 515 3133 Hinc
537 3082 712 3131 totam
736 3076 932 3132 infelix
953 3078 1211 3145 volgatur
1235 3079 1387 3131 fama
1410 3092 1509 3145 per
1532 3078 1744 3131 urbem.

371 3166 684 3220 Demittunt
708 3170 948 3231 mentes3
989 3166 1034 3219 it
1059 3165 1228 3219 scissa
1250 3169 1407 3218 veste
1434 3164 1677 3231 Latinus,

371 3253 632 3321 Coniugis
657 3252 924 3307 attonitus
946 3252 1083 3306 satis
1107 3252 1366 3320 urbisque
1390 3252 1565 3320 ruina,

371 3340 642 3395 Canitiem
668 3338 953 3394 immundo
975 3338 1258 3407 perfusam
1281 3338 1509 3407 pulvere
1532 3344 1766 3407 turpans

373 3426 684 3499 [Multaque
707 3444 766 3481 se
789 3426 1022 3494 incusat,
1051 3425 1145 3495 qui
1169 3441 1282 3479 non
1307 3426 1583 3495 acceperit
1606 3432 1737 3480 ante

371 3512 714 3569 Dardanium
742 3513 985 3583 Aenean,
1014 3528 1388 3583 generumque
1412 3513 1669 3569 asciverit
1692 3511 1877 3581 ultro]-

2296 642 2405 695 580

2297 1076 2403 1127 585

2298 1508 2405 1559 590

2296 1947 2404 1999 695

2300 2386 2407 2436 600

2298 2820 2405 2873 605

2302 3254 2409 3306 610
