2725 3892
1051 174 1324 226 VERGILI
1369 172 1699 225 Alamos
1742 174 1832 225 IX.

425 332 546 391 Nec
567 333 795 404 longum
821 335 878 390 in
903 336 1088 391 medio
1111 340 1346 406 tempus,
1376 352 1499 390 cum
1526 336 1735 391 clamor
1757 334 1825 391 ad
1850 334 1999 390 auris
2352 340 2453 391 895

424 422 704 489 Pervenit,
735 439 802 477 ac
825 422 978 476 videt
1001 422 1320 491 Euryalum,
1350 438 1512 492 quem
1540 422 1650 477 iam
1674 436 1871 475 manus
1894 422 2089 491 omnis,

423 509 640 563 Fraude
662 508 770 564 loci
797 514 852 563 et
878 509 1074 578 noctiS,
1102 508 1286 562 subito
1311 509 1571 562 turbante
1596 508 1853 577 tumultu,

424 596 760 666 Oppressum
785 596 934 685 rapit
957 602 1013 651 et
1035 600 1328 649 conantem
1355 595 1595 664 plurima
1616 594 1837 649 frustra.

425 682 572 749 Quid
594 682 800 736 faciat?
839 698 946 751 qua
969 682 1027 735 vi
1051 682 1322 750 iuvenem,
1345 681 1543 751 quibus
1568 680 1767 735 audeat
1791 681 1960 735 armis

422 769 688 839 Eripere?
726 784 796 822 an
822 784 940 822 sese
963 768 1174 821 medios
1197 768 1539 821 moriturus
1524 784 1583 821 m
1607 767 1785 821 hostis
2349 772 2455 824 400

421 856 649 925 Inferet,
677 859 734 909 et
758 854 1048 924 pulchram
1077 858 1342 924 properet
1365 870 1468 923 per
1493 855 1723 909 volnera
1744 857 2021 909 mortem?

423 942 592 997 Ocius
617 942 856 997 adducto
882 949 1148 1011 torquens
1171 940 1371 995 hastile
1393 940 1618 1011 lacerto,

422 1028 740 1100 Suspicione
763 1028 932 1083 altam
957 1028 1027 1082 ad
1051 1026 1281 1098 Lunam,
1313 1030 1392 1083 sio
1416 1046 1553 1085 voce
1576 1035 1862 1100 precatur:

425 1118 576 1187 “Tu,
604 1116 722 1185 dea,
749 1120 810 1170 tu
836 1132 1098 1185 praesens
1119 1123 1314 1171 nostro
1338 1132 1597 1172 succurre
1619 1116 1815 1185 labori,

422 1204 720 1259 Astrorum
742 1203 920 1258 decue
933 1207 990 1257 et
1013 1220 1300 1258 nemorum
1327 1205 1565 1262 Latonia
1586 1210 1800 1273 custos;
2348 1206 2451 1259 405

421 1272 480 1344 Si
507 1307 616 1359 qua
638 1290 750 1344 tuis
773 1306 1032 1359 umquam
1056 1306 1160 1359 pro
1183 1307 1274 1345 me
1298 1296 1461 1361 pater
1486 1279 1763 1360 ijrtacus
1794 1292 1905 1346 aris
2244 1286 2253 1301 ¹

419 1377 582 1432 Dona
604 1376 749 1463 tulit,
779 1378 824 1430 si
848 1393 955 1448 qua
975 1377 1094 1446 ipse
1120 1378 1260 1431 meis
1285 1379 1579 1433 venatibus
1602 1379 1745 1447 auxi,

419 1464 759 1535 Suspendive
783 1463 957 1535 tholo,
985 1470 1083 1519 aut
1106 1482 1257 1520 sacra
1283 1466 1352 1520 ad
1378 1467 1595 1536 fastigia
1616 1464 1747 1521 fixi:

419 1552 582 1607 Hunc
605 1552 722 1605 sine
746 1567 834 1605 me
859 1552 1086 1607 turbare
1111 1552 1350 1621 globum,
1382 1558 1439 1607 et
1461 1570 1591 1622 rege
1616 1553 1730 1607 tela
1749 1568 1851 1622 per
1876 1552 2090 1607 auras.’'

419 1636 667 1707 Dixerat,
697 1643 756 1692 et
779 1644 902 1693 toto
928 1638 1158 1693 conixus
1185 1656 1418 1709 corpore
1441 1640 1651 1693 ferrum
2344 1642 2450 1693 410

419 1716 676 1779 Gonicits
729 1724 905 1780 Hasta
929 1726 1124 1781 volans
1150 1728 1328 1781 noctis
1352 1726 1669 1781 diverberat
1694 1727 1930 1793 umbrae,

301 1810 310 1817 '
417 1810 490 1865 Et
513 1812 668 1867 venit
691 1810 956 1868 aversi‘in
979 1818 1196 1882 tergum
1225 1814 1519 1881 SulmoniS,
1546 1814 1733 1883 ibique

363 1897 726 2001 'Frangitur3
755 1916 820 1954 ao
841 1898 974 1954 fisso
1002 1900 1202 1954 transit
1227 1900 1552 1969 praecordia
1575 1900 1744 1969 ligno,

417 1984 680 2041 Volvitur
703 1987 798 2041 ille
824 2002 1054 2041 vomens
1081 1986 1328 2043 calidum
1345 1987 1415 2041 de
1441 1990 1670 2055 pectore
1692 1986 1895 2040 flumen

416 2070 684 2143 Frigidus,
713 2078 770 2128 et
793 2074 972 2143 longis
999 2074 1329 2143 singultibus
1355 2072 1449 2127 ilia
1472 2072 1670 2142 pulsat.
1874 2094 1913 2153 2,
1938 2139 1942 2144 .
1972 2122 1978 2127 .
2343 2076 2447 2127 415

417 2158 634 2215 Diversi
659 2161 1124 2232 circumspiciunt.
1201 2160 1326 2215 Hoc
1355 2160 1533 2214 acrior
1557 2158 1703 2213 idem

413 2243 560 2301 Ecce
584 2246 734 2302 alind
757 2264 970 2304 summa
987 2247 1162 2303 telum
1190 2248 1431 2301 librabat
1454 2247 1525 2301 ab
1550 2262 1698 2301 aure.

415 2322 559 2386 Duin
587 2334 884 2406 trepidant,
907 2336 974 2390 iit
997 2324 1160 2389 hasta
1185 2332 1338 2403 Tago
1363 2349 1463 2402 per
1484 2336 1705 2402 tempus
1726 2338 2041 2403 utrumque,

414 2418 678 2492 Stridens,
707 2424 1061 2495 traiectoque
1073 2425 1254 2481 haesit
1277 2422 1557 2493 tepefacta
1579 2422 1823 2477 cerebro.
1959 2440 1968 2447 ·

414 2505 602 2564 Saevit
626 2514 786 2565 atrox
811 2502 1243 2581 Volscenss'ned
1257 2506 1355 2566 teli
1381 2500 1655 2579 conbpicit
1676 2524 1903 2578 usquam
2340 2511 2449 2564 420

415 2591 734 2666 Auctorem,
761 2614 868 2653 nec
894 2616 1004 2668 quo
1029 2616 1087 2654 se
1115 2599 1314 2654 ardens
1337 2596 1643 2651 immittere
1666 2596 1857 2664 possit.

417 2682 450 2710 “
469 2681 552 2737 Tu
573 2688 762 2739 tamen
787 2686 1002 2751 interea
1026 2686 1206 2743 calido
1233 2687 1373 2741 mihi
1398 2686 1665 2755 sanguine
1688 2698 1895 2753 poenae

411 2766 698 2826 Persolvee
721 2773 1009 2827 amborum
1025 2773 1059 2802 ’²
1083 2774 1300 2844 inquit3
1346 2772 1507 2827 simul
1534 2788 1665 2827 ense
1688 2770 1903 2825 recluso

411 2852 536 2911 Ibat
559 2858 614 2911 in
639 2856 963 2926 Euryalum.
1041 2860 1179 2915 Tum
1207 2876 1342 2915 vero
1366 2858 1681 2927 exterritae,
1710 2872 1913 2923 amens,

411 2940 736 3000 Conclamat
759 2944 946 3013 Nisae,
972 2962 1077 3002 nec
1100 2964 1160 3001 se
1183 2946 1364 3001 celare
1386 2934 1634 3001 tenebris
2340 2946 2445 2997 425

410 3026 684 3100 Amplius,
712 3036 812 3087 aut
835 3036 1050 3086 tantum
1077 3034 1258 3103 potuit
1280 3034 1535 3103 perferre
1558 3032 1836 3086 dolorem:

415 3115 448 3143 ‘⁸
464 3114 569 3183 Me,
597 3133 701 3183 me,
731 3116 940 3185 adeum,
969 3102 1210 3188 quisce&
1238 3120 1296 3173 in
1315 3136 1407 3173 me
1432 3119 1741 3173 convertite
1764 3118 1993 3181 ferrum,

412 3199 461 3252 O
486 3200 707 3256 Rutuli!
749 3218 876 3257 mea
897 3202 1052 3257 fraus
1077 3204 1284 3270 omnisg
1323 3204 1467 3258 nihil
1490 3207 1597 3259 iste
1620 3220 1723 3259 nec
1748 3219 1927 3271 ausus,

409 3284 530 3340 Nec
551 3288 768 3356 potuit3
809 3287 1020 3341 caelum
1046 3288 1153 3343 hoo
1177 3294 1232 3343 et
1257 3292 1476 3345 conscia
1500 3290 1679 3345 sidera
1700 3295 1909 3355 testor-3

411 3371 646 3428 Tantum
673 3373 952 3429 infelicem
976 3372 1206 3428 nimium
1233 3374 1428 3431 dilexit
1454 3376 1746 3431 amicum.”
2341 3371 2447 3421 480

412 3455 560 3514 Talia
581 3458 734 3515 dicta
755 3458 960 3524 daban
1000 3458 1096 3512 sed
1121 3459 1332 3515 viribus
1355 3462 1499 3515 ensis
1525 3461 1751 3515 adactus
