2725 3892
997 184 1274 237 VERGILI
1319 184 1697 237 GEORGICON
1747 184 1811 237 11.

383 346 579 417 Eruit3
619 348 745 403 illae
771 348 942 403 altum
966 347 1114 401 nidis
1135 348 1348 418 petiere
1374 347 1611 416 relictis3

385 436 466 491 At
489 435 644 490 rudis
667 434 869 489 enituit
892 434 1132 505 impulso
1157 450 1380 489 vomere
1404 450 1647 503 campus.

385 520 532 577 Nam
557 522 742 577 ieiuna
765 520 988 591 quidem
1011 521 1202 577 clivosi
1227 520 1417 591 glarea
1440 522 1581 576 ruris

385 607 502 663 Vix
525 608 750 662 humilis
774 608 966 678 apibus
989 609 1164 663 casias
1187 624 1481 677 roremque
1506 608 1816 678 ministrat;

383 694 459 749 Et
482 695 636 751 totus
658 696 864 763 scaber,
893 704 952 749 et
973 695 1146 762 nigris
1165 711 1330 749 exesa
1353 695 1633 763 chelydris

386 782 556 837 Creta
577 788 784 851 negant
808 782 944 837 alios
972 796 1146 851 aeque
1171 782 1519 851 serpentibus
1542 798 1705 851 agros

344 894 350 901 ·
385 868 616 923 Dulcem
642 868 787 923 ferre
811 868 996 922 cibum
1027 873 1084 922 et
1110 884 1306 921 curvas
1327 869 1599 938 praebere
1624 870 1882 925 latebras.

385 954 542 1021 Quae
565 958 790 1009 tenuem
818 954 1041 1009 exhalat
1067 954 1326 1009 nebulam
1354 956 1643 1025 fumosque
1669 956 1925 1025 volucris,

383 1040 458 1095 Et
483 1041 624 1095 bibit
650 1056 913 1110 umorem,
943 1046 1014 1109 et,
1043 1056 1169 1095 cum
1195 1040 1327 1107 volt,
1358 1058 1425 1095 ex
1450 1058 1509 1095 se
1534 1042 1651 1111 ipsa
1673 1044 1925 1110 remittit,

386 1127 646 1198 Quaeque
671 1144 769 1183 suo
797 1144 1014 1199 semper
1040 1128 1200 1182 viridi
1225 1144 1286 1182 se
1309 1128 1558 1196 gramine
1584 1130 1766 1197 vestit,

274 1219 286 1230 ⁰
383 1213 505 1270 Nec
529 1214 711 1270 scabie
741 1221 798 1269 et
822 1214 964 1270 salsa
987 1213 1157 1269 laedit
1179 1215 1433 1285 robigine
1454 1214 1695 1269 ferrum:

385 1301 488 1357 Illa
511 1302 615 1357 tibi
639 1300 801 1357 laetis
824 1301 1038 1356 intexet
1063 1300 1267 1355 vitibus
1291 1300 1484 1368 ulmos,

383 1387 490 1443 Illa
513 1391 666 1443 ferax
692 1387 814 1443 oleo
839 1393 939 1455 est,
966 1386 1118 1441 illam
1147 1388 1431 1457 experiere
1456 1387 1687 1443 colendo

383 1475 460 1531 Et
481 1475 700 1530 facilem
725 1475 914 1544 pecori
939 1479 997 1528 et
1022 1474 1322 1544 patientem
1349 1475 1591 1530 vomeris
1614 1477 1759 1531 unci.

383 1562 570 1619 Talem
599 1562 754 1615 dives
777 1566 900 1617 arat
924 1560 1114 1630 Capua
1138 1566 1195 1615 et
1219 1562 1401 1617 vicina
1424 1561 1683 1617 Vesaevo

383 1650 496 1707 Ora
521 1653 650 1720 iugo
675 1656 732 1705 et
758 1649 942 1705 vacuis
965 1648 1192 1704 Clanius
1213 1666 1328 1703 non
1353 1666 1558 1719 aequus
1585 1650 1824 1706 Acerris.

455 1738 508 1793 N
512 1755 635 1806 unc,
664 1753 775 1808 quo
800 1752 1072 1807 quamque
1095 1735 1263 1790 modo
1283 1737 1461 1806 possis
1488 1752 1837 1806 cognoscere,
1866 1737 2061 1793 dicam.

385 1824 532 1879 Rara
557 1823 630 1878 sit
654 1840 724 1877 an
750 1839 915 1893 supra
937 1838 1149 1878 morem
1173 1824 1217 1877 si
1243 1824 1415 1877 densa
1438 1823 1751 1893 requires-

385 1912 582 1969 Altera
608 1914 898 1970 frumentis
922 1914 1178 1985 quoniam
1204 1914 1372 1983 favet,
1401 1912 1576 1969 altera
1600 1912 1835 1979 Baccho,

383 2001 570 2056 Densa
593 2004 770 2072 magis
795 2003 998 2072 Cereri,
1027 2003 1308 2057 rarissima
1331 2016 1577 2073 quaeque
1604 2000 1857 2068 Lyaeo-

385 2089 537 2143 Ante
562 2088 744 2143 locum
774 2091 955 2159 capies
979 2090 1169 2156 oculis,
1197 2090 1417 2160 alteque
1440 2087 1655 2143 iubebis

383 2175 450 2232 In
477 2179 654 2235 solido
682 2187 912 2250 puteum
938 2180 1170 2245 demitti,
1199 2196 1531 2250 omnemque
1560 2194 1793 2247 repones

383 2263 594 2322 Rursus
617 2266 865 2336 humum,
899 2272 956 2323 et
981 2266 1214 2338 pedibus
1239 2282 1479 2321 summas
1506 2264 1763 2333 aequabis
1786 2262 2037 2315 harenas.

383 2352 444 2407 Si
470 2353 718 2424 deerunt,
747 2371 932 2411 rarum
977 2353 1272 2424 pecorique
1297 2358 1355 2407 et
1381 2352 1585 2406 vitibus
1609 2350 1767 2405 almis

385 2442 586 2509 Aptius
611 2441 750 2497 uber
773 2441 912 2506 erit;
953 2440 1038 2495 sin
1063 2440 1120 2492 in
1145 2455 1240 2494 sua
1265 2454 1429 2507 posse
1450 2437 1733 2505 negabunt

384 2524 472 2581 Ire
495 2526 619 2581 loca
641 2533 699 2581 et
725 2526 1010 2583 scrobibus
1033 2524 1316 2594 superabit
1337 2531 1489 2579 terra
1512 2522 1751 2591 repletis,

383 2610 597 2681 Spissus
623 2630 786 2682 ager3
829 2612 1052 2681 glaebas
1076 2610 1386 2665 cunctantis
1410 2624 1699 2677 crassaque
1722 2614 1880 2674 terga

381 2698 672 2769 Exspecta,
701 2705 760 2755 et
784 2699 979 2754 validis
1002 2706 1210 2753 terram
1236 2695 1527 2766 proscinde
1550 2695 1810 2749 iuvencis.

382 2785 538 2841 Salsa
562 2792 744 2841 autem
769 2785 934 2840 tellus
957 2789 1013 2839 et
1038 2800 1178 2854 quae
1205 2782 1527 2853 perhibetur
1550 2797 1751 2848 amara,

381 2872 654 2942 Frugibus
675 2872 930 2927 infelix—
943 2887 1008 2926 ea
1049 2887 1154 2925 nec
1177 2869 1511 2924 mansuescit
1534 2868 1754 2937 arande,

379 2957 502 3014 ‘Nec
526 2959 748 3013 Baccho
770 2973 958 3027 genus,
989 2962 1084 3011 aut
1108 2957 1290 3026 pomis
1314 2972 1413 3010 sua
1434 2956 1659 3009 nomina
1680 2958 1937 3008 servat—-

380 3044 512 3101 Tale
536 3045 693 3100 dabit
717 3044 990 3114 specimen
1013 3062 1027 3098 :
1067 3043 1146 3097 Tu
1173 3043 1350 3112 spisso
1374 3042 1581 3095 vimine
1606 3042 1811 3112 qualos,

381 3130 624 3201 colaque
647 3130 922 3200 prelorum
948 3130 1178 3183 fumosis
1201 3129 1393 3198 deripe
1416 3128 1609 3196 tectis3

379 3217 505 3274 Huc
529 3234 661 3286 ager
683 3216 776 3271 ille
801 3217 980 3271 malus
1005 3218 1298 3287 dulcesque
1323 3232 1356 3271 a
1380 3217 1633 3271 fontibus
1656 3216 1837 3271 undae

379 3305 470 3359 Ad
507 3304 728 3374 plenum
759 3302 1072 3359 calcentur:
1113 3320 1256 3373 aqua
1279 3303 1613 3357 eluctabitur
1638 3303 1817 3357 omnis

379 3388 612 3461 Scilicet,
643 3394 700 3446 et
723 3390 960 3460 grandes
984 3392 1146 3446 ibunt
1167 3404 1267 3460 pei·
1289 3389 1503 3444 vimina
1524 3395 1749 3457 guttam

378 3475 460 3529 At
483 3490 648 3545 sapor
671 3476 936 3533 indicium
961 3477 1130 3533 faciet
1147 3476 1491 3545 manifestus,
1520 3480 1577 3529 et
1600 3492 1701 3531 ors

2321 353 2426 405 210

2317 788 2421 841 216

2315 1220 2419 1275 220

2314 1654 2417 1707 226

2312 2086 2415 2138 280

2310 2522 2415 2573 235

2194 2954 2411 3007 «240
