2725 3892
990 912 1049 981 P.
1097 910 1376 979 VERGILI
1426 907 1729 977 MARONIS

837 1107 928 1183 A
993 1107 1066 1181 E
1130 1104 1218 1179 N
1285 1104 1356 1178 E
1424 1103 1467 1177 I
1532 1102 1613 1176 D
1684 1100 1756 1177 O
1826 1099 1885 1176 S

913 1306 1184 1367 LIBER
1239 1306 1366 1367 UN
1376 1303 1790 1365 DECIMUS.

351 1644 632 1701 Oceanum
655 1645 866 1699 interea
892 1660 1120 1713 surgens
1149 1644 1371 1698 Aurora
1396 1642 1649 1711 reliquit:

352 1732 585 1800 Aeneas,
614 1748 944 1801 quamquam
971 1737 1028 1783 et
1053 1730 1214 1784 soeiis
1241 1729 1375 1783 dare
1400 1734 1619 1797 tempus
1642 1725 1937 1781 humandis

351 1818 726 1887 Praecipitant
749 1834 930 1885 eut-ae,
959 1818 1288 1885 turbataque
1317 1816 1511 1869 funere
1538 1828 1695 1868 mens
1724 1820 1825 1879 est,

351 1905 506 1961 Vota
529 1905 694 1959 deum
719 1904 898 1973 primo
924 1902 1101 1957 vietor
1125 1902 1379 1957 solvebat
1401 1900 1539 1969 Eoo,

351 1992 638 2062 Ingentem
665 2007 926 2061 quereum
952 1990 1148 2045 decisis
1173 1989 1417 2059 undique
1440 1991 1609 2045 ramis

354 2079 658 2135 Constituit
683 2077 910 2142 tumu10‚
937 2076 1312 2146 fulgentiaque
1337 2076 1517 2131 induit
1544 2094 1712 2145 arma,

353 2165 590 2219 Mezenti
616 2164 770 2219 dueis
795 2164 1038 2231 exuvias,
1071 2164 1190 2233 tibi,
1221 2180 1436 2232 magne,
1470 2170 1777 2233 tropaeum,

353 2250 722 2321 Bellipotens:
763 2255 920 2320 aptat
945 2250 1188 2305 rorantis
1217 2251 1482 2319 sanguine
1506 2252 1701 2307 cristes

355 2338 594 2408 Telaque
619 2344 817 2393 trunca
838 2336 944 2391 viri
969 2342 1027 2390 et
1053 2337 1138 2390 bis
1161 2354 1257 2391 sex
1281 2337 1512 2393 thoraca
1542 2340 1775 2407 petitum

356 2426 778 2493 Pei-fessumque
801 2422 956 2492 loeis,
986 2424 1332 2495 clipeumque
1362 2444 1431 2481 ex
1456 2444 1581 2481 aere
1606 2428 1857 2483 sinistrae

357 2510 620 2579 subligat,
648 2521 814 2579 atque
840 2526 1026 2564 ensem
1051 2511 1193 2565 eollo
1220 2514 1509 2583 suspendit
1532 2514 1820 2569 ebul-num.

357 2596 496 2651 Tum
523 2597 714 2667 socios,
741 2612 978 2666 namque
1003 2600 1184 2653 omnis
1207 2616 1330 2655 eum
1359 2601 1563 2670 stipata
1584 2602 1809 2671 tegebat

358 2684 542 2739 Turba
565 2684 781 2752 dueum,
799 2685 890 2737 sio
913 2684 1182 2755 incipiens
1207 2688 1464 2741 hortatur
1489 2688 1740 2743 ovantis:

363 2774 398 2801 “
413 2770 658 2825 Maxima
679 2786 768 2825 res
795 2770 1009 2837 effeeta,
1041 2772 1176 2841 viri3
1219 2776 1391 2828 timor
1416 2776 1593 2829 omnis
1616 2775 1823 2843 abest0‚

361 2856 522 2931 Quod
548 2862 830 2927 superestt
871 2857 1009 2913 haee
1033 2865 1163 2914 sunt
1191 2860 1362 2929 spolia
1386 2868 1445 2914 et
1468 2860 1537 2913 de
1562 2877 1692 2929 rege
1716 2860 1955 2929 superbo

359 2942 662 3011 Primitiae,
689 2944 1051 3015 manibusque
1081 2947 1216 2999 meis
1245 2946 1549 3001 Mezentius
1572 2947 1665 3003 hie
1690 2952 1791 3003 est.

359 3028 522 3086 Nune
545 3030 652 3085 iter
677 3030 748 3085 ad
772 3047 956 3100 regem
983 3032 1140 3087 nobis
1166 3049 1459 3101 murosque
1483 3032 1725 3089 Latinos.

361 3118 540 3172 Arma
563 3124 753 3187 parate
780 3118 992 3187 animis,
1023 3124 1080 3173 et
1103 3135 1200 3187 spe
1227 3120 1563 3189 praesumite
1588 3120 1806 3185 bellum,

363 3202 451 3259 Ne
477 3220 584 3274 qua
607 3220 766 3258 mora
785 3204 1028 3273 ignaros,
1053 3205 1147 3258 ubi
1173 3206 1409 3273 primum
1438 3206 1640 3260 vellere
1666 3208 1819 3273 signa

363 3290 684 3346 Adnuerint
707 3292 892 3360 superi
917 3290 1227 3359 pubemque
1255 3291 1487 3345 educere
1518 3292 1725 3359 cestrie,

364 3376 654 3448 Impediat,
683 3377 935 3445 segnisve
959 3382 1109 3430 metu
1135 3378 1415 3432 sententia
1438 3377 1639 3433 tardet.

365 3462 584 3519 Interea
608 3460 785 3517 socios
811 3460 1201 3529 inhumataque
1227 3477 1465 3531 eoi-pora
1490 3470 1673 3517 terrae

2328 2428 2401 2479 10

2334 2860 2401 2913 15

2336 3294 2408 3345 20
