2725 3892
1000 219 1274 270 VERG1L1
1319 219 1649 270 AENEIDOS
1693 221 1753 271 V.

365 379 502 436 Fida
525 396 651 434 reor
673 380 924 434 fraterna
947 379 1142 448 Erycis
1166 385 1473 449 portusque
1497 380 1739 448 Sicanos,

363 466 420 520 Si
447 467 613 520 modo
637 467 744 521 rite
765 483 978 520 memor
1003 471 1223 520 servata
1247 467 1508 519 remetior
1532 467 1737 521 astra.'’

363 552 502 606 Tum
525 553 651 622 pius
674 554 925 608 Aeneas:
971 555 1004 582 ‘⁴
1022 553 1294 622 Equidem
1319 552 1397 606 sic
1424 569 1647 621 poscere
1673 559 1867 608 ventos

362 638 688 694 Iamdudum
713 647 772 693 et
794 639 998 694 frustra
1022 655 1188 693 cerno
1213 643 1270 693 te
1295 637 1523 692 tendere
1546 647 1757 694 contra.

361 725 549 780 Flecte
577 728 723 780 viam
749 726 900 780 velis.
977 725 1070 780 An
1097 726 1170 779 sit
1194 725 1332 778 mihi
1358 726 1569 793 gratior
1597 725 1720 794 ulla,

362 813 555 877 Quove
579 813 754 881 magis
777 812 946 866 fessas
970 817 1159 881 optem
1185 811 1479 866 demittere
1502 813 1673 880 navis,

362 897 538 963 Quam
566 915 705 967 quae
731 897 1067 954 Dardanium
1095 897 1256 952 tellus
1279 897 1419 951 mihi
1442 907 1625 953 servat
1649 898 1910 969 Acesten,

358 984 435 1038 Et
457 985 632 1054 patris
657 985 936 1040 Anchisae
960 986 1172 1054 gremio
1197 985 1582 1052 complectitur
1604 986 1761 1040 ossa?
1782 985 1815 1015 ’²

359 1071 513 1127 Ilaec
537 1073 632 1126 ubi
657 1071 816 1136 dicta,
845 1077 1044 1141 petunt
1065 1077 1276 1141 portus,
1304 1077 1363 1125 et
1388 1071 1511 1126 vela
1536 1071 1759 1126 secundi

360 1157 666 1213 Intendunt
689 1157 928 1227 Zephyri
949 1177 962 1226 3
1003 1159 1184 1211 fertur
1208 1158 1320 1212 cita
1343 1159 1561 1227 gurgite
1584 1158 1789 1228 classis,

357 1245 433 1301 Et
457 1246 680 1300 tandem
703 1245 834 1300 laeti
861 1253 1025 1301 notae
1051 1245 1417 1300 advertuntur
1439 1245 1696 1302 harenae.

429 1333 511 1388 At
533 1331 728 1402 procul
753 1332 970 1388 excelso
996 1334 1229 1387 miratus
1253 1333 1459 1386 vertice
1484 1334 1689 1387 montis

359 1419 680 1474 Adventum
705 1421 988 1489 sociasque
1013 1426 1160 1473 rates
1185 1419 1427 1473 occurrit
1451 1419 1699 1488 Acestes,

359 1506 632 1560 Horridus
655 1507 715 1559 in
737 1505 929 1560 iaculis
953 1511 1012 1560 et
1034 1506 1176 1575 pelle
1201 1505 1500 1574 Libystidis
1523 1523 1697 1576 ursae,

358 1593 520 1650 Troia
544 1594 760 1648 Criniso
785 1601 1114 1663 conceptum
1139 1594 1364 1649 flumine
1388 1603 1567 1651 mater

358 1680 536 1746 Quem
560 1682 770 1750 genuit.
845 1681 1114 1736 Veterum
1141 1697 1254 1736 non
1277 1683 1569 1737 immemor
1593 1682 1689 1738 ille
1710 1693 2002 1754 parentum

358 1768 625 1822 Gratatur
649 1767 878 1822 reduces
905 1774 962 1822 et
985 1785 1120 1838 gaza
1141 1768 1321 1823 laetus
1345 1771 1547 1838 agresti

355 1855 594 1924 Excipit,
623 1872 686 1910 ac
709 1855 884 1910 fessos
906 1855 1102 1926 opibus
1126 1855 1338 1911 solatur
1362 1857 1567 1912 amicis.

430 1948 658 2002 Postera
683 1965 810 2002 cum
835 1948 1015 2020 primo
1043 1948 1228 2005 stellas
1253 1947 1482 2006 Oriente
1505 1950 1727 2020 fugarat

357 2033 521 2090 Clara
543 2035 676 2104 dice,
705 2039 882 2092 socios
907 2038 963 2092 in
987 2044 1206 2092 coetum
1233 2037 1399 2092 litore
1421 2039 1491 2093 ab
1516 2039 1668 2093 omni

356 2121 616 2178 Advocat
641 2125 876 2194 Aeneas,
903 2126 1212 2194 tumulique
1239 2141 1306 2180 ex
1332 2141 1531 2195 aggere
1556 2127 1737 2181 fatur:

359 2211 394 2239 ‘⁶
411 2209 764 2266 Dardanidae
788 2213 989 2281 magni,
1019 2229 1192 2282 genus
1215 2213 1328 2268 aito
1353 2231 1389 2268 a
1412 2216 1676 2284 sanguine
1700 2213 1903 2283 divom,

355 2297 593 2352 Annuus
615 2299 824 2353 exactis
847 2299 1154 2368 completur
1175 2301 1457 2356 mensibus
1482 2301 1643 2368 orbis,

353 2382 440 2437 Ex
465 2400 574 2453 quo
599 2385 856 2454 reliquias
881 2387 1164 2458 divinique
1188 2405 1311 2444 ossa
1333 2392 1583 2459 parentis

355 2469 718 2525 Condidimus
742 2477 892 2527 terra
913 2481 1260 2544 maestasque
1283 2479 1617 2533 sacravimus
1640 2495 1778 2535 aras.

355 2555 582 2626 Iamque
607 2557 739 2624 dies,
769 2559 872 2612 nisi
899 2559 1078 2627 fallor,
1108 2561 1278 2629 adest,
1309 2579 1470 2632 quem
1499 2581 1718 2634 semper
1741 2566 2016 2635 acerbum,

353 2642 582 2712 Semper
605 2643 1090 2702 honoratum—sic
1113 2647 1170 2701 di
1195 2649 1752 2708 voluistis—habebo,

355 2729 518 2785 Hunc
542 2747 646 2802 ego
672 2731 923 2788 Gaetulis
946 2749 1163 2803 agerem
1191 2735 1236 2789 si
1263 2735 1519 2804 Syrtibus
1542 2739 1713 2804 exsul,

355 2817 686 2888 Argolicove
711 2820 848 2874 mari
873 2819 1176 2890 deprensus
1199 2828 1258 2876 et
1282 2825 1419 2879 urbe
1445 2824 1725 2893 Mycenae,

355 2905 560 2960 Annua
581 2912 716 2960 vota
739 2911 926 2961 tamen
951 2907 1337 2978 sollemnisque
1361 2911 1554 2966 ordine
1579 2929 1809 2982 pompas

353 2991 712 3061 Exsequerer‚
741 2999 1122 3063 strueremque
1147 2993 1258 3048 suis
1284 2995 1481 3052 aitaria
1502 2998 1679 3053 donia.

353 3075 517 3132 Nunc
542 3078 687 3132 ultro
713 3079 782 3132 ad
807 3081 1020 3134 cineres
1043 3082 1216 3149 ipsius
1239 3087 1296 3135 et
1321 3099 1445 3136 ossa
1468 3086 1727 3153 parentis,

353 3162 518 3218 Haud
545 3163 798 3233 equidem
825 3166 942 3219 sine
967 3173 1153 3221 mente
1178 3183 1319 3235 reor,
1349 3170 1469 3223 sine
1492 3171 1717 3224 numine
1741 3170 1943 3240 divom,

355 3249 636 3304 Adsumus
659 3255 716 3304 et
740 3255 934 3319 portus
956 3251 1128 3306 delati
1153 3253 1426 3309 intramus
1450 3257 1671 3310 amicos.

351 3333 500 3404 Ergo
525 3335 684 3404 agite,
714 3343 772 3391 et
793 3337 997 3391 laetum
1026 3339 1210 3392 cuncti
1237 3341 1576 3395 celebremus
1599 3343 1900 3412 honorem;

351 3420 648 3475 Poscamus
674 3429 884 3487 ventos,
914 3427 1077 3492 atque
1101 3424 1242 3478 haec
1265 3443 1354 3479 me
1379 3443 1533 3481 sacra
1556 3429 1852 3496 quotannis

351 3503 502 3559 Urbe
527 3505 661 3560 velit
685 3507 864 3576 posita
887 3509 1106 3576 templis
1131 3509 1233 3563 sibi
1262 3510 1405 3564 ferre
1432 3511 1643 3570 dicatis.

2326 473 2394 526 25

2325 907 2391 958 30

2320 1338 2389 1390 35

2316 2653 2388 2706 50

2318 3088 2387 3140 55
