2725 3892
965 844 1022 913 P.
1055 846 1332 915 VERGILI
1376 844 1613 916 MARON
1618 845 1676 915 IS

753 1011 832 1089 G
888 1010 964 1087 E
1023 1010 1096 1088 O
1157 1012 1235 1087 R
1293 1012 1369 1089 G
1428 1010 1475 1088 I
1534 1012 1601 1089 O
1664 1012 1737 1089 Ο
1796 1010 1889 1089 N

913 1188 1183 1249 LIBER
1239 1188 1725 1252 SECUNDUS.

306 1479 586 1537 Hactenus
609 1498 866 1537 arvorum
895 1480 1076 1537 cultus
1101 1488 1158 1537 et
1183 1480 1362 1535 sidera
1386 1480 1553 1536 caeli:

303 1566 466 1623 Nunc
491 1574 564 1638 te,
593 1568 828 1639 Bacche,
857 1585 1068 1635 canam,
1100 1584 1202 1623 nec
1226 1584 1337 1621 non
1364 1567 1638 1623 silvestria
1660 1574 1843 1623 tecum

303 1652 564 1725 Virgnlta
587 1660 645 1709 et
670 1656 882 1724 prolem
906 1655 1064 1710 tarde
1091 1654 1391 1709 crescentis
1416 1653 1611 1709 olivae.

303 1740 442 1809 Huc,
471 1746 628 1811 pater
652 1758 688 1795 o
711 1740 1110 1796 Lenaee—tuis
1134 1741 1224 1796 hic
1248 1740 1437 1796 omnia
1460 1740 1626 1811 plena

305 1826 640 1897 Muneribus,
667 1828 770 1883 tibi
795 1830 1091 1899 pampineo
1115 1828 1379 1898 gravidus
1402 1834 1669 1883 autumno

301 1913 490 1968 Floret
513 1930 656 1983 ager,
685 1921 906 1985 spumat
931 1916 1110 1985 plenis
1137 1914 1413 1969 vindemia
1436 1915 1675 1969 labris——

302 2000 444 2069 Huc,
471 2008 630 2071 pater
655 2018 689 2055 o
714 2000 942 2071 Lenaee,
973 2002 1114 2072 veni,
1147 2002 1461 2072 nudataque
1488 2011 1670 2056 musto

301 2086 476 2157 Tinge
511 2104 658 2142 novo
681 2104 900 2143 mecum
924 2088 1163 2159 dereptis
1187 2104 1349 2144 crura
1373 2088 1677 2143 cothurnis.

374 2174 654 2245 Principio
680 2175 969 2230 arboribus
999 2177 1150 2231 varia
1173 2182 1260 2230 est
1284 2182 1484 2231 natura
1506 2176 1756 2232 creandis
1770 2194 1786 2229 ·.

303 2264 558 2336 Namque
583 2266 737 2331 alise,
767 2265 932 2321 nullis
955 2265 1243 2321 hominum
1268 2267 1607 2337 cogentibus,
1636 2268 1787 2336 ipsae

303 2352 514 2421 Sponte
537 2368 640 2407 sua
665 2352 894 2409 veniunt
918 2369 1250 2423 camposque
1274 2360 1332 2408 et
1355 2352 1585 2407 flumina
1606 2351 1717 2407 late

303 2438 490 2495 Curva
512 2444 722 2509 tenent,
747 2444 812 2493 ut
835 2438 1001 2495 molle
1025 2438 1168 2507 siler,
1195 2440 1487 2510 lentaeque
1510 2445 1781 2509 genestae,

301 2524 546 2596 Populus
569 2530 626 2580 et
649 2527 843 2596 glauca
867 2527 1127 2582 canentia
1149 2526 1346 2581 fronde
1371 2526 1595 2592 salicta;

302 2611 438 2668 Pars
462 2619 646 2669 autem
673 2614 854 2684 posito
879 2619 1114 2684 surgunt
1137 2613 1208 2669 de
1231 2614 1457 2683 semine,
1485 2618 1549 2667 ut
1572 2613 1715 2668 altae

303 2700 622 2770 Castaneae,
647 2716 1048 2771 nemorumque
1075 2699 1198 2755 Iovi
1223 2716 1362 2771 quae
1390 2700 1629 2755 maxima
1652 2697 1880 2753 frondet

303 2786 588 2853 Aesculus,
616 2791 781 2857 atque
804 2786 1028 2842 habitae
1055 2786 1218 2841 Grais
1242 2787 1462 2841 oracula
1486 2800 1734 2856 quercus.

302 2870 544 2927 Pullulat
569 2874 638 2928 ab
663 2872 848 2927 radice
870 2873 994 2927 aliis
1019 2873 1342 2928 densissima
1365 2872 1519 2938 silva,

303 2958 380 3014 Ut
403 2959 604 3015 cerasis
627 2958 899 3029 ulmisque
918 2978 932 3023 ς
974 2961 1142 3015 etiam
1169 2958 1437 3014 Parnasia
1460 2959 1645 3013 laurus

301 3044 482 3100 Parva
505 3046 606 3101 sub
632 3045 840 3114 ingenti
865 3046 1059 3100 matris
1085 3061 1143 3100 se
1169 3044 1373 3099 subicit
1396 3045 1607 3099 umbra.

301 3132 419 3185 Hos
445 3137 643 3186 natura
665 3130 860 3185 modos
885 3132 1122 3201 primum
1149 3131 1337 3200 dedit3
1380 3130 1467 3186 his
1490 3148 1661 3200 genus
1684 3146 1850 3187 omne

301 3216 574 3272 Sssvarum
599 3218 971 3287 fruticumque
999 3218 1142 3272 viret
1169 3233 1569 3288 nemorumque
1594 3234 1891 3273 sacrorum.

371 3304 511 3358 Sunt
535 3302 642 3371 alii,
672 3320 811 3373 quos
835 3304 952 3373 ipse
978 3304 1068 3357 via
1091 3304 1196 3357 sibi
1223 3304 1471 3375 repperit
1495 3320 1641 3359 usus.

299 3388 408 3444 Hic
431 3390 649 3459 plantas
671 3395 868 3444 tenero
892 3388 1221 3445 abscindens
1244 3390 1316 3445 de
1341 3406 1575 3461 corpore
1600 3398 1839 3447 matrum

299 3472 570 3542 Deposuit
593 3474 789 3542 sulcis;
829 3474 924 3529 hic
949 3474 1149 3543 stirpes
1175 3476 1360 3559 obruit
1387 3494 1535 3545 arvo,

2068 3320 2087 3385 ἱ

2274 2267 2339 2318 10

2274 2700 2337 2753 25

2268 3134 2340 3186 ²⁰
