2725 3892
977 204 1251 257 vallona
1297 204 1625 256 annmnos
1671 202 1785 255 m

277 294 326 377 >‘

365 366 480 425 Has
503 369 650 424 inter
674 385 854 437 voees,
874 369 1058 423 media
1081 369 1229 422 inter
1253 368 1389 423 talia
1412 368 1595 433 verba,

361 454 522 525 Eoos,
546 456 668 509 viro
692 455 934 527 stridens
953 455 1056 510 alis
1079 454 1306 535 adlapsa
1326 455 1527 523 sagitta
1548 460 1647 521 est,

362 541 662 606 Insertum,
690 558 800 611 qua
823 542 980 611 pulsa
1002 558 1182 609 manu,
1206 549 1314 611 quo
1340 537 1561 595 turbine
1584 519 1794 611 adapta,
2298 545 2403 595 820

363 627 500 692 Quis
524 632 738 681 tantam
763 626 984 682 Rutulis
1006 627 1240 710 laudem,
1263 642 1492 681 casusne
1516 626 1743 695 deusne,

361 713 660 781 Attulerit3
699 700 890 783 pressa
911 715 1038 768 est·
1018 713 1250 783 insignis
1273 713 1449 781 gloria
1474 713 1622 782 faeti,

361 798 482 855 Nee
505 817 622 855 sese
645 801 869 856 Aeneae
893 801 1122 855 iactavit
1145 800 1373 853 volnere
1398 800 1701 869 quisquam.

321 862 594 957 ‘'i'urnus,
615 896 678 942 ut
701 889 936 966 Aenean
959 888 1246 942 cedentem
1269 903 1340 940 ex
1363 887 1583 955 agmine
1607 888 1747 957 vidit

361 974 738 1045 'turbatosque
761 958 942 1045 duces,
964 974 1147 1028 subita
1171 990 1270 1044 spe
1291 972 1539 1027 fervidus
1562 974 1749 1041 ardet3
2294 978 2400 1031 825

359 1062 548 1117 Poscit
569 1078 741 1132 equos
763 1068 930 1131 atque
953 1076 1107 1115 arma
1129 1060 1308 1129 simul,
1333 1050 1586 1131 saltuque
1610 1063 1879 1132 superbus

314 1148 578 1235 ³‘Emicat
599 1150 658 1202 in
683 1165 920 1217 currum,
947 1153 1002 1202 et
1028 1147 1282 1201 manibus
1305 1142 1533 1205 molitur
1556 1150 1815 1205 habenas.

317 1238 324 1245 ’
359 1234 536 1289 Multa
557 1236 738 1289 virum
763 1235 1002 1290 volitans
1025 1236 1122 1289 dat
1144 1230 1318 1291 sortia
1339 1251 1573 1305 corpora
1596 1237 1740 1304 leto;

359 1324 660 1379 Semiueeis
684 1325 858 1379 volvit
880 1326 1101 1394 multos,
1125 1330 1222 1381 aut
1247 1326 1468 1394 agmina
1490 1342 1655 1380 curru

357 1410 620 1480 Protei-it,
644 1416 741 1465 aut
765 1410 952 1481 raptas
979 1412 1320 1481 fugientibus
1342 1413 1547 1482 ingerit
1570 1413 1773 1467 hastas.
2292 1414 2399 1465 830

331 1489 550 1563 'Qualis
572 1498 718 1567 apud
743 1499 906 1568 gelidi
933 1516 1059 1554 eum
1085 1499 1316 1555 flumina
1339 1501 1589 1555 concitus
1613 1499 1787 1554 Hebri

357 1586 700 1654 sanguineus
723 1585 944 1641 Mavors
967 1587 1147 1657 elipeo
1171 1589 1437 1657 increpat,
1459 1593 1623 1657 atque
1644 1586 1883 1641 furentis

357 1672 512 1727 Bella
535 1690 764 1728 movens
785 1675 1042 1729 immittit
1065 1692 1266 1744 equos3
1306 1674 1389 1728 illi
1415 1690 1653 1743 aequore
1678 1678 1869 1742 aperto

357 1760 510 1815 Ante
535 1758 714 1815 Notos
737 1761 1162 1832 Zephyrumque
1190 1762 1409 1829 volant3
1450 1756 1623 1830 gem'it
1646 1760 1839 1817 ultima
1860 1760 2021 1829 pulsu

356 1848 568 1903 Thraca
591 1849 808 1919 pedum,
835 1845 1152 1919 circumque
1179 1854 1332 1905 atrae
1354 1848 1689 1902 Formidinis
1712 1862 1825 1914 ora,
2290 1852 2394 1901 335

357 1934 602 2007 Iraeque,
625 1936 988 2006 Insidiaeque,
1011 1936 1103 1990 dei
1129 1937 1439 2001 comitatae,
1462 1938 1729 2002 aguntur:

355 2020 500 2077 Talis
523 2038 698 2092 equos
721 2022 904 2077 alacer
929 2022 1116 2077 media
1139 2024 1286 2075 inter
1310 2019 1521 2090 proelia
1544 2020 1762 2073 Turnus

353 2108 644 2166 Fumantis
667 2110 870 2165 sudore
895 2111 1090 2180 quatit,
1113 2107 1427 2163 miserabile
1452 2106 1623 2160 eaesis

353 2196 622 2252 Hostibus
645 2197 940 2263 insultans3
987 2196 1198 2265 spargit
1223 2193 1419 2263 rapida
1440 2191 1647 2263 ungula
1666 2206 1823 2245 rores

353 2286 713 2355 Sanguineos,
735 2285 1020 2354 mixtaque
1047 2298 1214 2337 eruor
1237 2282 1477 2336 calcatur
1499 2280 1707 2334 harena
2290 2282 2393 2333 340

294 2350 580 2444 Ylamque
599 2375 724 2429 neci
748 2373 1182 2442 Sthenelumque
1208 2369 1366 2424 dedit
1390 2366 1813 2435 Thamyrimqut
1840 2364 2203 2435 Pholumque,

353 2460 520 2516 Hune
543 2478 874 2533 eongressus
897 2466 954 2515 et
979 2461 1144 2528 huno,
1175 2458 1329 2513 illum
1355 2456 1596 2522 eminus3
1638 2454 1853 2509 eminus
1876 2454 2040 2509 ambo

351 2546 704 2618 Imbrasidas,
727 2549 1002 2605 Glaucum
1029 2557 1194 2618 atque
1220 2545 1427 2614 Laden,
1451 2560 1585 2613 quos
1608 2541 1927 2596 Imbrasus
1908 2556 2027 2610 ipse

353 2634 644 2693 Nutrierat
667 2636 851 2705 Lycia,
873 2637 1204 2707 paribusque
1229 2626 1523 2690 ornaverat
1548 2631 1727 2697 armis,

351 2724 463 2779 Vel
487 2725 738 2779 conferre
763 2740 1004 2793 manum,
1030 2723 1117 2777 vel
1144 2739 1286 2792 equo
1310 2724 1663 2791 praevertere
1688 2722 1899 2771 ventos.
2288 2718 2391 2769 345

351 2809 518 2866 Parte
543 2786 652 2867 alia
673 2812 859 2867 media
881 2810 1195 2865 Eumedes
1179 2827 1236 2863 m
1261 2808 1477 2879 proelia
1498 2806 1697 2869 fertur,

352 2896 588 2968 Antiqui
609 2898 794 2968 proles
817 2898 964 2953 bello
987 2896 1272 2967 praeclara
1293 2894 1545 2961 Dolonis,

315 3046 322 3054 ι
353 2982 594 3039 Nomine
617 2997 784 3039 avum
809 2985 1072 3051 referens,
1095 2984 1282 3039 auimo
1305 2982 1667 3047 manibusque
1692 2982 1991 3047 parentem,

353 3070 462 3135 Qui
488 3070 784 3139 quondam,
806 3076 988 3125 eastra
1009 3076 1074 3125 ut
1096 3071 1352 3125 Danaum
1378 3066 1692 3138 speculator
1716 3063 1911 3131 adiret,

353 3156 540 3210 Ausus
565 3156 789 3210 Pelidae
808 3158 1046 3225 pretium
1071 3157 1174 3211 sibi
1197 3170 1427 3225 poscere
1452 3170 1672 3220 currusr,
2285 3151 2391 3200 350

351 3242 514 3297 Illum
541 3242 782 3311 Tydides
804 3242 914 3297 alio
937 3259 1040 3312 pro
1061 3243 1262 3297 talibus
1284 3242 1431 3296 ausis

352 3330 581 3385 Adfecit
601 3328 800 3399 pretio,
825 3344 930 3383 nee
957 3332 1110 3399 equis
1134 3330 1344 3399 aspirat
1369 3326 1620 3381 Achillis.

352 3415 513 3473 Hune
538 3416 732 3489 procul
758 3420 822 3470 ut
846 3432 1042 3485 eampo
1066 3416 1280 3469 Turnus
1303 3413 1587 3484 prospexit
1611 3414 1821 3479 aperto,

353 3504 500 3559 Ante
523 3504 635 3559 levi
659 3501 845 3556 iaeulo
868 3502 1094 3568 longum
1120 3518 1219 3569 per
1241 3502 1407 3554 inane
1434 3502 1669 3563 secutus,
