2725 3892
959 157 1234 211 vnnem
1277 159 1607 211 mames
1652 127 1769 210 vh.
1836 146 1843 154 '

347 321 590 391 Stirpem
615 320 907 376 admisceri
931 321 1230 390 Phrygiam
1251 339 1266 388 ;
1307 337 1366 376 se
1390 320 1581 376 limine
1606 321 1753 391 pelli.

346 408 503 478 Tum,
533 425 766 478 quorum
792 406 1062 463 attonitae
1087 407 1312 463 Baccho
1333 425 1569 464 nemora
1589 409 1718 464 avia
1740 413 1949 464 matres

345 493 623 549 Insultant
646 495 1108 564 thiaaias-neque
1134 496 1282 548 enim
1305 495 1429 550 leve
1446 511 1653 550 nomen
1679 495 2007 564 Amatae,—

347 581 604 652 Undique
628 581 843 636 collecti
869 587 1086 649 coeunt,
1116 581 1461 651 Martemque
1486 583 1739 650 fatigant.

345 667 506 722 Ilicet
526 668 820 722 infandum
847 669 1034 722 cuncti
1059 673 1256 722 contra
1282 669 1471 738 omino
1496 669 1717 733 bellum,

347 754 556 809 Contra
579 756 698 809 fata
719 753 900 822 deum,
927 769 1188 823 perverso
1214 755 1445 808 numine
1468 762 1722 824 poscunt.

347 839 618 896 Certatim
641 840 787 910 regis
815 842 1172 896 circumstant
1197 846 1348 896 tecta
1372 841 1588 909 Latini3

345 926 448 981 Ille
471 927 625 982 velut
647 926 828 997 pelagi
853 943 1018 997 rupes
1042 927 1278 982 immota
1301 929 1603 998 resistit,—

345 1011 424 1068 Ut
445 1013 622 1084 pelagi
647 1029 812 1084 rupes
835 1030 1036 1082 magno
1063 1016 1324 1068 veniente
1347 1015 1585 1085 fragore,

347 1099 501 1165 Quae
523 1117 658 1170 sese,
685 1101 876 1156 multis
903 1101 1112 1155 circum
1137 1101 1471 1156 latrantibus
1489 1102 1670 1170 undis,

344 1186 493 1242 Molo
517 1193 700 1256 tenet3
742 1189 954 1257 scopuli
977 1192 1310 1276 nequiquam
1337 1193 1398 1244 et
1420 1205 1651 1258 spumea
1674 1189 1882 1244 circum

345 1273 492 1329 Saxa
513 1275 774 1344 fremunt,
804 1275 1072 1346 laterique
1097 1265 1260 1331 inlisa
1285 1276 1601 1331 refundit-ur
1606 1277 1764 1358 alga.

345 1360 556 1415 Verum
583 1362 678 1416 ubi
703 1360 856 1417 nulla
877 1363 1042 1418 datur
1063 1379 1288 1418 caecum
1315 1377 1645 1432 exsuperare
1664 1362 1919 1432 ‘potestas

344 1447 664 1516 Consilium,
691 1454 751 1503 et
773 1466 970 1504 saevae
991 1457 1132 1506 nutu
1157 1450 1388 1504 Iunonis
1410 1456 1547 1504 eunt
1570 1465 1675 1520 rea,

343 1535 522 1590 Multa
543 1536 678 1590 deos
701 1553 970 1606 aurasque
993 1543 1156 1606 pater
1181 1542 1417 1592 testatus
1440 1538 1638 1606 inania,

348 1624 382 1653 ‘⁴
403 1621 730 1692 Frangimur
754 1623 864 1677 heu
887 1623 1020 1679 fatis
1041 1624 1074 1652 ”
1101 1625 1283 1694 inquit
1309 1627 1343 1654 ‘⁴
1359 1624 1699 1695 ferimurque
1724 1625 1993 1693 procella!

345 1707 459 1780 Ipsi
485 1709 586 1764 has
609 1710 878 1780 sacrilego
901 1710 1158 1781 pendetis
1183 1713 1449 1780 sanguine
1472 1727 1694 1782 poenas,

347 1795 396 1850 O
420 1795 624 1850 miseri.
697 1797 790 1866 Te,
818 1796 1015 1867 Turne,
1043 1799 1213 1866 nefa&
1243 1807 1302 1852 te
1325 1799 1489 1852 triste
1510 1798 1759 1853 manebit

345 1883 700 1953 Supplicium,
730 1883 982 1954 votisque
1008 1884 1141 1940 deos
1165 1886 1503 1940 venerabere
1528 1887 1679 1940 ceris.
1938 1885 1961 1928 Ι

346 1969 490 2024 Nam
515 1969 650 2024 mihi
677 1977 837 2040 parta
862 1973 1031 2048 quiea,
1061 1973 1350 2041 omnisque
1375 1973 1433 2026 in
1456 1972 1651 2027 limine
1672 1979 1897 2041 portuag

345 2057 562 2112 Funere
585 2057 731 2112 felici
755 2058 1016 2128 spolior.'’
1089 2058 1210 2114 Nec
1235 2059 1397 2128 plura
1418 2059 1639 2114 locutus

345 2143 562 2213 Saepsit
585 2161 644 2199 se
669 2146 846 2213 tectis,
874 2162 1170 2216 rerumque
1198 2147 1423 2216 reliquit
1445 2146 1705 2203 habenas.

306 2219 538 2357 VMos
563 2237 682 2286 erat
707 2231 978 2301 Hesperio
1003 2233 1063 2286 in
1088 2233 1264 2301 Lati0,
1293 2234 1470 2302 quem*
1483 2235 1737 2302 protinus
1760 2235 1925 2288 urbes

345 2318 596 2374 Albanae
620 2319 837 2374 coluere
863 2330 1273 2386 sacrum,‘nunc
1295 2320 1539 2374 maxima
1560 2337 1745 2374 rerum

343 2405 522 2460 Roma
545 2407 692 2472 colit,
721 2423 848 2460 cum
873 2407 1054 2475 prima
1077 2391 1306 2460 niovent
1331 2407 1390 2459 in
1416 2407 1625 2476 proelia
1646 2407 1899 2474 Martem,

345 2493 475 2547 Sive
501 2493 658 2548 Getis
679 2492 886 2548 inferre
911 2509 1076 2548 manu
1102 2492 1441 2548 lacrimabile
1466 2493 1671 2548 bellum

344 2579 685 2648 Hyrcanisve
710 2580 982 2634 Arabisve
1005 2585 1221 2648 parant,
1251 2596 1344 2634 seu
1372 2580 1601 2634 tendere
1624 2579 1693 2633 ad
1720 2579 1887 2632 Indos

343 2667 732 2735 Auroramque
755 2667 910 2736 sequi
935 2664 1282 2734 Parthosque
1305 2682 1595 2744 reposcere
1621 2667 1803 2734 signa.

345 2753 487 2806 Sunt
509 2753 760 2821 geminae
785 2751 925 2806 Belli
949 2739 1292 2822 portaesss‘c
1315 2753 1541 2806 nomine
1564 2751 1823 2806 dicunt—-

345 2839 632 2908 Religione
655 2855 843 2893 sacrae
867 2845 926 2894 et
947 2840 1096 2902 saevi
1117 2837 1417 2893 formidine
1442 2837 1669 2904 Martis;

345 2927 582 2982 Centum
608 2926 754 2980 aerei
780 2926 1043 2981 claudunt
1065 2931 1254 2980 vectes
1278 2930 1613 2994 aeternaque
1636 2923 1773 2978 terri

343 3011 582 3079 Robora,
609 3028 714 3066 nec
739 3017 924 3067 custos
949 3013 1166 3068 absistit
1189 3012 1381 3065 limine
1405 3010 1601 3065 Ianus:

345 3099 475 3164 Has,
505 3100 600 3154 ubi
625 3105 778 3154 certa
801 3100 956 3154 sedet
980 3099 1232 3168 patribus
1253 3099 1534 3168 sententia
1554 3115 1788 3168 pugnae,

342 3185 472 3256 Ipse
497 3185 768 3252 Quirinali
793 3187 987 3256 trabea
1009 3186 1302 3255 cinctuque
1327 3185 1549 3240 Gabino

343 3271 582 3341 Insignis
605 3277 818 3328 reserat
841 3272 1136 3328 stridentia
1157 3272 1354 3327 limina
1378 3271 1601 3340 conau13

344 3358 468 3428 Ipse
499 3365 662 3414 vocat
685 3375 914 3428 pugnas,
941 3360 1193 3430 sequitur
1215 3364 1338 3414 tum
1363 3365 1553 3414 cetera
1574 3359 1767 3429 pubet,

344 3444 634 3515 Aet-eaque
658 3443 892 3500 adsensu
921 3446 1240 3526 conspirant
1263 3461 1475 3522 cornua
1500 3461 1683 3502 rauco.

2276 413 2383 464 580

2276 847 2379 896 585

2276 1283 2380 1332 590

2276 1715 2379 1766 595

2276 2149 2379 2201 600

2276 2581 2377 2632 605

2274 3016 2377 3066 610

2276 3449 2377 3500 615
