2725 3892
965 218 1240 270 VERGILI
1285 219 1617 272 ammos
1660 221 1725 271 11.

319 379 470 434 Talis
495 379 554 434 in
575 380 739 435 hoste
761 381 867 436 fuit
891 380 1146 448 Priamo;
1187 380 1284 436 aed
1309 379 1434 436 iura
1456 379 1731 451 fidemque

319 465 597 536 Supplicia
622 467 860 530 erubuit,
887 483 1194 536 corpusque
1217 483 1497 537 exsangue
1521 467 1773 537 sepulcro

319 551 590 606 Reddidit
613 551 970 622 Hectoreum,
997 569 1194 623 meque
1217 553 1276 607 in
1303 569 1429 608 mea
1453 570 1625 622 regua
1645 554 1914 610 remisit.”

320 637 415 693 Sic
433 651 588 694 'tatus
612 640 812 708 senior,
839 639 1118 709 telumque
1140 639 1362 694 imbelle
1386 639 1506 694 sine
1529 641 1642 696 ictu

322 725 591 794 Oonieeit,
617 741 788 780 rauco
812 725 959 795 quod
985 725 1238 795 protinus
1263 741 1391 780 aere
1416 725 1695 795 repulsum

317 811 397 864 Et
419 827 636 866 summo
660 812 820 882 clipei
843 814 1176 882 nequiquam
1205 812 1443 868 umbone
1466 813 1742 881 pependit.

321 897 426 952 Oui
451 897 727 965 Pyrrhus:
771 900 806 928 “
825 898 1056 954 Referee
1080 915 1213 968 ergo
1235 898 1374 953 haec
1398 903 1455 952 et
1478 899 1705 954 nuntius
1725 900 1831 954 ibis

319 983 550 1040 Pelidae
571 986 838 1054 genitori3
878 985 960 1040 illi
983 1001 1112 1042 mea
1137 985 1320 1040 tristia
1341 984 1494 1040 facta

321 1073 775 1144 Degeneremque
798 1073 1226 1143 Neoptolemum
1252 1088 1481 1128 narrare
1502 1077 1800 1129 memento.

321 1159 488 1215 Nune
508 1162 776 1216 morere.”
849 1160 974 1216 Hoc
995 1160 1186 1215 dicens
1214 1157 1505 1216 altaria‘ad
1528 1160 1649 1229 ipsa
1671 1165 2003 1218 trementem

319 1245 515 1301 Traxit
537 1250 678 1302 etin
703 1249 880 1302 multo
901 1249 1210 1318 lapsantem
1239 1248 1507 1316 sanguine
1528 1247 1663 1314 nati,

320 1332 708 1405 Implicuitque
732 1351 948 1390 comam
971 1335 1142 1404 laeva,
1171 1335 1478 1404 dextraque
1500 1349 1789 1388 coruscum

319 1419 538 1476 Extulit
561 1439 625 1477 ac
647 1421 812 1477 lateri
835 1422 1034 1492 capulo
1054 1427 1220 1477 tenus
1247 1421 1461 1476 abdidit
1485 1437 1689 1477 ensem.
1791 1437 1799 1445 ·

322 1505 476 1562 Haeo
499 1507 628 1562 finis
649 1508 860 1563 Priami
882 1508 1124 1564 fatorum
1147 1527 1162 1576 3
1201 1508 1294 1562 hio
1318 1507 1501 1562 exitus
1523 1506 1679 1562 illum

319 1593 485 1648 Sorte
507 1594 652 1662 tulit,
680 1595 904 1650 Troiam
925 1597 1206 1652 incensam
1233 1601 1292 1650 et
1313 1594 1573 1665 prolapsa
1596 1593 1875 1648 videntem

317 1679 603 1750 Pergama,
632 1687 718 1736 tot
742 1683 1020 1752 quondam
1045 1683 1266 1753 populis
1289 1683 1563 1752 terrisque
1586 1681 1883 1750 superbum

317 1767 690 1836 Regnatorem
715 1769 900 1825 Asiae.
975 1770 1129 1826 Iacet
1157 1772 1352 1841 ingena
1379 1772 1543 1828 litore
1567 1779 1813 1842 truncus,

320 1853 700 1924 Avulsumque
722 1857 928 1911 umeris
951 1863 1134 1927 caput,
1163 1863 1222 1912 et
1245 1859 1364 1914 eine
1386 1861 1617 1914 nomine
1640 1877 1855 1930 corpus.

389 1942 470 1995 At
491 1958 584 1996 me
607 1947 726 1996 tum
751 1943 990 2012 primum
1013 1961 1212 1999 saevus
1234 1945 1600 2002 circumstetit
1626 1947 1839 2002 horror.

317 2027 611 2097 Obstipui3
650 2029 816 2084 subiit
839 2032 948 2086 cari
975 2031 1244 2101 genitoris
1265 2032 1465 2102 imago,

317 2111 396 2168 Ut
419 2131 607 2184 regem
632 2131 970 2184 aequaevum
993 2119 1205 2173 crudeli
1223 2120 1451 2176 volnere
1480 2120 1595 2174 vidi

315 2199 510 2255 Vitam
535 2201 884 2258 exhalantem
904 2223 918 2272 ς
957 2205 1130 2260 subiit
1151 2205 1375 2262 deserta
1396 2207 1619 2276 Creusa,

313 2286 392 2340 Et
411 2287 634 2357 direpta
655 2288 866 2358 domus,
896 2296 954 2345 et
975 2293 1136 2360 parvi
1161 2310 1318 2348 casua
1341 2294 1467 2352 Iuli.

313 2371 587 2444 Respicio,
615 2379 688 2444 et,
717 2393 856 2446 quae
881 2377 956 2432 ait
977 2393 1069 2432 me
1093 2379 1300 2436 circum
1327 2381 1503 2452 copia,
1522 2383 1714 2439 lustro.

314 2458 619 2515 Deseruere
644 2479 836 2518 omnes
857 2463 1072 2534 defensi,
1099 2470 1158 2520 et
1181 2483 1419 2536 corpora
1442 2469 1585 2524 saltu

311 2545 408 2600 Ad
431 2552 634 2602 terram
662 2551 860 2606 misere
884 2557 982 2606 aut
1004 2551 1224 2620 ignibus
1249 2571 1414 2624 aegra
1436 2554 1653 2611 dedere.

383 2632 608 2704 Iamque
631 2635 772 2692 adeo
795 2653 962 2708 super
983 2655 1128 2694 unus
1153 2657 1321 2710 eram,
1349 2659 1477 2697 cum
1498 2643 1691 2700 limina
1718 2643 1924 2702 Vestae

311 2719 638 2776 Sel-vantem
665 2728 720 2778 et
744 2726 971 2780 tacitam
998 2734 1210 2783 secreta
1241 2730 1302 2783 in
1325 2729 1457 2784 sede
1478 2731 1747 2788 latentem

309 2805 629 2874 Tyndarida
649 2811 884 2880 aspicio:
925 2813 1062 2869 dant
1089 2815 1240 2872 clara
1261 2817 1519 2874 incendia
1540 2818 1722 2876 lueem

307 2893 534 2948 Errauti
557 2898 866 2967 passimque
891 2899 1080 2954 oculos
1103 2917 1206 2970 per
1227 2908 1433 2958 cuncta
1451 2904 1672 2960 terenti.

308 2979 414 3034 Illa
435 2981 540 3035 sibi
563 2982 796 3038 infectos
819 3002 1012 3040 eversa
1043 2988 1118 3041 ob
1141 2987 1417 3059 Pergama
1440 2990 1677 3048 Teucros

307 3065 384 3120 Et
405 3082 614 3136 poenas
636 3069 888 3126 Danaum
916 3079 974 3128 et
997 3071 1202 3128 deserti
1225 3077 1474 3145 coniugia
1498 3077 1609 3132 irae

305 3151 720 3222 Praemetuene,
747 3155 948 3214 Troiae
975 3164 1032 3213 et
1062 3161 1272 3228 patriae
1295 3166 1607 3219 communie
1628 3165 1845 3235 Erinys,

305 3239 622 3296 Abdiderat
645 3258 765 3297 sese
791 3248 956 3314 atque
983 3247 1091 3302 arie
1114 3246 1294 3302 invisa
1315 3248 1557 3306 sedebat.

303 3325 574 3383 Exarsere
597 3330 755 3398 ignee
779 3316 994 3408 auimo}
1035 3333 1186 3388 nubit
1206 3333 1292 3389 ira
1313 3335 1603 3392 cadentem

305 3411 512 3469 Ulcisci
533 3417 774 3485 patriam
799 3422 856 3472 et
877 3419 1170 3474 sceleratae
1192 3437 1411 3476 sumere
1434 3417 1655 3491 poenae.

303 3499 532 3556 Scilicet
553 3501 694 3558 haee
718 3501 973 3574 Spartam
997 3505 1289 3560 incolumis
1311 3509 1627 3578 patriaeque
1650 3509 1913 3578 Mycenae

2248 1166 2355 1219 550

2246 1599 2353 1654 555

2244 2037 2352 2092 500

2240 2476 2347 2532 565

2238 2909 2345 2966 570

2236 3337 2342 3392 575
