2725 3892
1003 185 1276 239 vanem
1319 184 1651 241 mames
1694 186 1757 239 X.

369 344 684 402 Instaurant
708 346 852 401 acies
877 346 1116 403 Volcani
1141 350 1312 417 stirpe
1337 355 1556 405 oreatus

363 434 631 489 Caeculus
655 438 712 489 et
735 434 964 489 veniens
988 434 1300 490 Marsorum
1323 437 1609 491 montibus
1634 436 1859 493 Umbro.

363 519 708 575 Dardanides
733 528 932 577 contra
953 522 1106 577 furit.
1181 522 1429 577 Anxuris
1458 540 1589 578 ense
1614 524 1893 579 sinistram

361 608 434 661 Et
460 613 640 661 totum
666 608 826 677 clipei
851 608 1003 663 ferro
1027 608 1303 663 deiecerat
1325 610 1519 663 orbem
1538 629 1629 676 ;--

364 694 594 749 Dixerat
619 694 712 748 ille
735 694 940 764 aliquid
965 712 1239 763 magnum,
1269 697 1495 765 vimque
1520 696 1717 751 adiere
1742 698 1915 751 verbo

363 780 700 844 Crediderat,
729 782 992 853 caeloque
1017 783 1262 837 animum
1289 784 1521 837 sortasse
1544 784 1774 851 ferebat,

362 867 743 937 canitiemque
767 869 872 923 sibi
898 875 956 923 et
979 869 1174 938 longos
1197 870 1525 939 promiserat
1548 886 1723 925 annos
1740 890 1831 937 ς-

361 954 654 1024 Tarquitus
680 956 960 1017 exsultans
985 964 1182 1010 contra
1203 956 1549 1024 fulgentibus
1572 958 1755 1025 armis,

361 1042 652 1098 Silvicolae
677 1044 868 1099 Fauno
893 1044 1119 1114 Dryope
1145 1060 1306 1113 quem
1333 1045 1584 1113 nympha
1608 1052 1839 1115 crearat,

361 1130 574 1185 Obvius
597 1131 816 1185 ardenti
841 1148 958 1185 sese
983 1131 1204 1185 obtulit.
1279 1131 1381 1185 Ille
1410 1132 1641 1187 reducta

361 1216 614 1273 Loricam
641 1216 912 1287 clipeique
935 1218 1130 1287 ingens
1153 1234 1296 1271 onus
1321 1218 1557 1287 impedit
1582 1218 1768 1284 hasta3
1804 1234 1874 1284 g

359 1303 497 1357 Tum
523 1310 690 1374 caput
715 1306 926 1359 orantis
949 1306 1284 1375 nequiquam
1312 1310 1369 1359 et
1392 1306 1569 1361 multa
1592 1300 1839 1375 pai-antis

359 1390 558 1445 Dicere
585 1392 846 1446 deturbat
867 1398 1064 1459 terrae,
1093 1399 1463 1462 truncumque
1488 1398 1769 1462 tepentem

357 1478 698 1533 Provolvens
722 1496 886 1547 super
908 1479 1048 1534 haec
1071 1480 1298 1533 inimico
1323 1488 1551 1548 pectore
1580 1482 1764 1535 fatur:

359 1566 396 1593 “
417 1564 548 1619 Istic
572 1582 734 1633 nunc,
765 1565 1074 1634 metuende,
1101 1566 1237 1621 iace.
1311 1566 1443 1621 Non
1468 1572 1525 1621 te
1550 1569 1759 1637 optima
1782 1576 1961 1623 mater

359 1650 576 1705 Condet
601 1652 788 1719 hum0,
817 1653 1108 1723 patrioque
1133 1654 1388 1709 onerabit
1412 1656 1657 1709 membra
1680 1656 1963 1725 sepulcro:

359 1738 602 1792 Alitibus
625 1738 874 1809 linquere
901 1740 1046 1809 ferie,
1076 1746 1171 1795 aut
1196 1742 1413 1809 gurgite
1440 1758 1679 1795 mersum

359 1824 520 1878 Unda
543 1826 698 1893 feret,
729 1825 1012 1897 piscesque
1037 1828 1258 1895 impasti
1283 1828 1513 1883 volnera
1536 1829 1839 1885 lambent.’'

357 1911 615 1967 Protinus
639 1914 922 1967 Antaeum
947 1922 1004 1969 et
1029 1914 1249 1981 Lucam,
1277 1916 1460 1983 prima
1482 1917 1707 1983 agmina
1732 1917 1917 1983 Turni,

354 1998 724 2069 Persequitur,
755 2000 1070 2071 fortemque
1095 2000 1350 2068 Numam,
1382 2002 1705 2073 fulvumque
1732 2004 2059 2071 Camertem,

355 2084 706 2155 Magnanimo
735 2086 1033 2143 Volscente
1061 2094 1257 2158 satum,
1289 2090 1591 2144 ditissimus
1614 2092 1733 2157 agri

357 2172 462 2237 Qui
490 2174 600 2227 tuit
627 2175 991 2244 Ausonidum,
1021 2182 1078 2230 et
1101 2177 1289 2231 tacitis
1315 2178 1571 2245 regnavit
1597 2178 1865 2245 Amyclis.

356 2260 616 2327 Aegaeon
643 2262 832 2331 qualis,
862 2268 1082 2317 centum
1110 2264 1198 2317 cui
1224 2264 1481 2318 bracchia
1504 2265 1698 2319 dicunt

355 2344 740 2417 Centenasque
765 2364 974 2416 manus,
1004 2348 1405 2418 quinquaginta
1427 2348 1655 2403 oribus'
1641 2365 1825 2417 ignem

353 2417 784 2505 Pectoribusque
811 2438 1022 2505 arsisse,
1053 2436 1200 2491 Iovis
1225 2453 1347 2490 cum
1376 2436 1612 2490 fulmina
1634 2440 1829 2491 contra

353 2519 458 2574 Tot
483 2522 706 2589 paribus
729 2530 1000 2593 streperet
1023 2522 1232 2592 clipeis,
1261 2526 1350 2577 tot
1374 2525 1671 2590 stringeret
1694 2536 1884 2575 enses:

353 2605 444 2660 Sic
467 2612 588 2661 toto
615 2609 834 2663 Aeneas
860 2599 1142 2663 desaevit
1128 2624 1186 2662 in
1213 2624 1451 2677 aequore
1475 2608 1673 2677 victor,

353 2691 430 2746 Ut
453 2692 620 2747 semel
645 2694 886 2762 intepuit
910 2710 1116 2751 mucro.
1193 2694 1340 2761 Quin
1368 2710 1495 2750 ecce
1520 2692 1762 2764 Niphaei

351 2778 744 2848 Quadriiugis'
728 2797 786 2833 in
813 2796 984 2850 equos
1007 2780 1348 2851 adversaque
1374 2786 1601 2851 pectora
1622 2780 1821 2835 tendit.

349 2866 538 2934 Atque
562 2866 654 2934 illi,
682 2866 850 2936 longe
873 2866 1216 2935 gradientem
1241 2874 1298 2923 et
1321 2868 1445 2923 dira
1467 2868 1803 2923 frementem

349 2950 427 3005 Ut
453 2951 654 3020 videre,
683 2958 838 3006 metu
863 2955 1008 3007 versi
1033 2960 1291 3023 retroque
1315 2960 1540 3009 ruentes

347 3038 766 3109 Effunduntque
787 3039 1000 3105 ducem,
1029 3041 1357 3109 rapiuntque
1382 3043 1451 3097 ad
1476 3043 1643 3099 litora
1666 3058 1873 3099 currus.

347 3125 566 3179 Interea
591 3125 788 3195 biiugis
811 3126 982 3181 infert
1007 3144 1066 3181 se
1089 3126 1342 3196 Lucagus
1363 3130 1501 3185 albis

349 3211 412 3264 In
439 3211 664 3281 mediOS,
693 3212 970 3283 fraterque
995 3214 1188 3281 Liger,
1176 3233 1188 3246 ·
1231 3214 1328 3269 sed
1353 3216 1521 3271 frater
1546 3218 1779 3273 habenis

347 3298 548 3353 Flectit
573 3316 760 3369 equos,
787 3301 1042 3356 strictum
1066 3308 1218 3356 rotat
1244 3318 1370 3357 acer
1396 3302 1643 3373 Lucagus
1668 3320 1875 3361 ensem.

349 3385 506 3439 Haud
532 3386 662 3441 tulit
687 3388 906 3442 Aeneas
929 3393 1088 3445 tanto
1111 3390 1332 3445 fervore
1356 3390 1623 3446 furentis:

345 3470 538 3539 Inruit,
569 3446 944 3543 adversaque'
929 3492 1124 3545 ingens
1147 3479 1405 3547 apparuit
1430 3464 1605 3533 hasta.

2208 566 2213 573 .
2294 527 2399 579 545

2291 962 2399 1015 550

2290 1396 2396 1449 555

2288 1834 2396 1885 560

2287 2267 2391 2319 565

2280 2699 2411 2755 570·

2276 3136 2383 3189 575
