2725 3892
1033 205 1308 257 VERGILI
1352 208 1683 260 AENEIDOS
1726 209 1816 260 VI.

407 364 523 420 Iam
546 365 776 423 tandem
800 364 993 422 Italiae
1017 367 1280 436 fugientis
1303 369 1625 438 prendimus
1648 387 1805 436 oras,

407 451 526 508 Hac
549 453 790 508 Troiana
812 457 975 508 tenus
998 453 1170 510 fuerit
1191 454 1441 510 Fortuna
1464 463 1671 512 secuta.

405 539 526 594 Vos
549 555 768 609 quoque
791 539 1125 610 Pergameae
1147 541 1258 596 iam
1285 541 1369 596 fas
1392 548 1479 597 est
1502 560 1726 613 parcere
1750 543 1921 612 genti,

403 625 583 695 Dique
606 625 850 694 deaeque
876 642 1080 695 omnes,
1111 627 1310 696 quibus
1333 628 1553 682 obstitit
1576 629 1741 684 Ilium
1766 636 1824 684 et
1844 631 2045 699 ingens

404 713 596 768 Gloria
617 712 945 768 Dardaniae.
1019 713 1225 782 Tuque,
1252 731 1287 767 ο
1309 715 1657 770 sanctissima
1680 722 1849 784 vateS,

404 799 660 854 Praescia
684 800 917 868 venturi,
945 799 1199 854 da--non
1223 801 1472 857 indebita
1494 819 1667 870 posco

401 885 596 954 Regna
619 887 758 940 meis
780 886 1144 941 fatis—Latio
1169 888 1457 942 considere
1483 888 1725 944 Teucros

401 973 760 1042 Errantisque
783 973 920 1028 deos
941 973 1256 1043 agitataque
1279 976 1513 1051 numina
1536 976 1745 1032 Troiae.

401 1061 538 1115 Tum
565 1059 792 1114 Phoebo
817 1067 876 1115 et
899 1059 1114 1116 Triviae
1137 1061 1316 1115 solido
1339 1061 1413 1116 de
1438 1079 1715 1118 marmore
1738 1065 2011 1134 templum

401 1148 712 1215 Instituam,
737 1148 1014 1217 festosque
1039 1148 1160 1202 dies
1183 1147 1254 1202 de
1279 1149 1507 1204 nomine
1531 1149 1761 1205 Phoebi.

399 1235 477 1289 Te
501 1251 718 1304 quoque
741 1251 941 1303 magna
965 1241 1194 1288 manent
1218 1236 1407 1304 regnis
1430 1237 1737 1305 penetralia
1760 1237 1984 1292 nostris.

399 1321 508 1375 Hic
531 1337 634 1390 ego
657 1337 894 1390 namque
919 1325 1046 1374 tuas
1067 1326 1249 1376 sortes
1273 1339 1583 1392 arcanaque
1606 1325 1740 1392 fata,

398 1407 562 1462 Dicta
588 1423 742 1461 meae
763 1407 934 1476 genti,
963 1424 1184 1477 ponam,
1215 1409 1499 1478 lectosque
1524 1411 1771 1478 sacrabo,

399 1493 580 1561 Alma,
609 1493 772 1548 viros.
845 1493 1016 1550 Foliis
1039 1500 1254 1550 tantum
1283 1513 1354 1550 ue
1382 1497 1625 1552 cannina
1652 1497 1870 1565 manda,

399 1579 486 1635 Ne
510 1580 734 1634 turbata
757 1580 949 1636 volent
973 1582 1182 1650 rapidis
1209 1582 1449 1638 ludibria
1472 1585 1688 1651 ventis;

397 1665 525 1736 Ipsa
546 1683 714 1722 canas
736 1668 893 1722 oro.”
970 1667 1164 1724 Finem
1195 1669 1349 1724 dedit
1376 1685 1473 1724 ore
1496 1671 1775 1740 loquendi.

467 1752 561 1822 At,
591 1753 804 1809 Phoebi
828 1755 1074 1810 nondum
1101 1758 1331 1826 patiens,
1361 1757 1617 1812 immanis
1640 1758 1697 1812 in
1722 1763 1885 1812 antro

395 1840 709 1896 Bacchatur
734 1847 906 1912 vates,
931 1859 1194 1912 magnum
1221 1846 1266 1899 si
1293 1850 1519 1913 pectore
1538 1845 1717 1914 possit

395 1927 712 1983 Excussisse
737 1928 931 1997 deum3
971 1935 1130 1986 tauto
1157 1932 1332 2000 magis
1355 1932 1449 1986 ille
1472 1932 1679 2001 fatigat

397 2017 475 2074 Os
496 2019 768 2090 rabidum,
795 2021 916 2075 fera
937 2020 1110 2074 corda
1133 2019 1379 2086 domans,
1407 2018 1677 2088 fingitque
1698 2018 2019 2087 premendo.

394 2105 554 2162 Ostia
575 2108 795 2177 iamque
817 2107 1015 2162 domus
1038 2113 1268 2175 patuere
1290 2104 1538 2173 ingentia
1562 2110 1781 2159 centum

394 2192 608 2262 Sponte
630 2211 746 2264 sua,
774 2196 1028 2264 vatisque
1052 2193 1244 2247 ferunt
1266 2207 1531 2261 responsa
1556 2207 1655 2260 per
1678 2207 1865 2246 auras:

397 2282 432 2309 ‘⁶
451 2280 502 2336 O
525 2281 750 2337 tandem
775 2283 990 2352 magnis
1014 2281 1198 2350 pelagi
1222 2279 1485 2334 defuneto
1507 2277 1757 2347 periclis!

392 2367 500 2422 Sed
525 2373 708 2424 terrae
731 2371 984 2438 graviora
1007 2371 1252 2424 manent.
1329 2365 1397 2420 In
1421 2381 1593 2434 regna
1614 2365 1809 2420 Lavini

391 2453 744 2512 Dardanidae
766 2459 1021 2523 venient;
1059 2456 1220 2510 mitte
1245 2455 1395 2510 hanc
1418 2454 1491 2508 de
1514 2461 1737 2523 pectore
1760 2469 1983 2520 curam3

393 2541 502 2596 Sed
525 2559 642 2597 non
666 2551 723 2597 et
744 2544 962 2600 venisse
988 2545 1194 2598 volent.
1269 2543 1441 2611 Bella,
1470 2541 1699 2596 horrida
1722 2540 1881 2609 bella,

391 2627 464 2682 Et
488 2629 754 2696 Thybrim
778 2631 956 2686 multo
979 2635 1330 2700 spumantem
1357 2630 1625 2698 sang-uine
1650 2644 1835 2682 cerno.

391 2714 524 2770 Non
547 2716 748 2773 Simois
773 2719 894 2786 tibi,
921 2735 1026 2772 nee
1052 2717 1326 2785 Xanthus,
1355 2733 1461 2772 nec
1486 2716 1695 2770 Dorica
1718 2720 1899 2770 castra

387 2801 714 2872 Defuerint3
753 2805 890 2859 alius
913 2805 1072 2860 Latio
1097 2804 1208 2858 iam
1233 2809 1431 2872 partus
1457 2801 1727 2870 Achilles,

389 2887 570 2944 Natus
593 2896 650 2944 et
674 2891 790 2960 ipse
814 2892 948 2954 deaz
987 2907 1091 2945 nee
1115 2891 1342 2946 Teucris
1365 2889 1559 2944 addita
1582 2889 1723 2944 Iuno

389 2975 634 3048 Usquam
659 2978 852 3046 aberit,
881 2993 1006 3033 cum
1031 2983 1112 3046 tu,
1140 2977 1375 3046 supplex
1398 2977 1459 3030 in
1484 2976 1651 3030 rebus
1672 2975 1877 3045 egenis,

388 3061 538 3129 Quas
561 3064 744 3133 gentis
765 3063 970 3118 Italum
993 3070 1092 3118 aut
1118 3079 1252 3132 quas
1277 3079 1393 3118 non
1418 3063 1667 3117 oraveris
1692 3063 1888 3117 urbes!

387 3149 568 3204 Causa
591 3150 722 3204 mali
745 3151 888 3204 tanti
911 3151 1154 3204 coniunx
1181 3149 1385 3203 iterum
1412 3147 1635 3216 hospita
1660 3146 1885 3202 Teucris

387 3235 728 3305 Exteruique
751 3238 953 3291 iterum
979 3236 1224 3292 thalami.

385 3319 470 3375 Tu
494 3338 566 3376 ne
587 3321 722 3377 cede
745 3322 920 3388 malis,
951 3321 1048 3376 sed
1073 3327 1270 3376 contra
1294 3321 1589 3376 audentior
1610 3321 1708 3388 ite,

386 3408 568 3473 Quam
591 3413 690 3463 tua
713 3413 770 3462 te
796 3407 1044 3462 Fortuna
1067 3408 1228 3462 sinet.
1303 3407 1419 3462 Via
1441 3407 1621 3475 prima
1644 3405 1851 3472 salutis,

387 3493 550 3559 Quod
573 3493 804 3548 minime
829 3494 982 3560 reris,
1012 3493 1182 3548 Graia
1203 3491 1479 3562 pandetur
1502 3494 1573 3548 ab
1598 3491 1789 3547 urbe.’‘

2370 721 2437 772 615

2370 1152 2439 1208 70

2364 1583 2433 1642 ’15

2360 2888 2429 2938 90

2358 3315 2429 3366 95
