2725 3892
1008 232 1283 283 VERGILI
1329 232 1591 283 ECLOGA
1631 230 1747 283 Vn.

361 393 421 448 Si
445 410 553 463 qua
573 394 718 448 forte
741 392 926 447 ferant
949 392 1122 447 oculis
1144 410 1262 447 sese
1288 393 1454 447 obvie
1476 394 1683 448 nostris

359 478 689 535 Eri-abunda
711 480 869 534 bovis
893 478 1150 549 vestigia:
1190 480 1428 534 forsitan
1450 481 1623 548 illum,

362 566 480 619 Aut
497 565 677 620 herba
698 570 924 635 captum
947 565 1124 633 viridi,
1153 572 1250 621 aut
1271 572 1525 621 armenta
1548 574 1815 635 secutum,

359 652 674 709 Perducant
697 653 912 723 aliquae
933 652 1152 707 stabula
1174 654 1244 707 ad
1271 654 1547 722 Gortynia
1569 655 1828 709 vacose.”

359 739 499 792 Tum
521 739 674 793 canit
696 739 1063 808 Hesperidum
1089 740 1348 795 miratam
1372 741 1519 795 mala
1542 741 1810 810 puellam;

359 827 494 881 Tum
520 824 996 881 Phaethontiadas
1019 841 1208 881 musco
1231 827 1537 882 circumdat
1561 844 1781 883 amarae

358 913 612 981 corticis,
639 917 804 983 atque
827 913 944 967 solo
969 929 1228 982 proceras
1250 914 1413 983 erigit
1438 914 1623 981 alnos3

359 998 498 1054 Tum
522 1000 686 1069 canit,
715 1004 992 1055 errantem
1017 1000 1294 1054 Permessi
1317 1000 1389 1054 ad
1415 999 1641 1057 flumina
1664 1000 1885 1057 Gallum

359 1088 553 1142 Aonas
575 1088 636 1140 in
657 1086 864 1142 montis
887 1092 950 1141 ut
974 1085 1196 1141 duxerit
1219 1102 1332 1141 una
1354 1103 1624 1156 sororum,

359 1172 544 1243 thue
569 1174 689 1228 viro
712 1172 924 1227 Phoebi
951 1173 1151 1228 chorus
1174 1172 1549 1229 adsurrexerit
1573 1175 1780 1241 omnis;

359 1259 438 1314 Ut
459 1259 630 1315 Linus
652 1261 790 1316 haec
811 1259 910 1329 ini,
937 1259 1130 1315 divino
1152 1261 1398 1316 carmine
1422 1266 1626 1331 pastor,

359 1346 614 1403 Floribus
637 1356 802 1417 atque
826 1346 956 1417 apio
981 1347 1152 1401 crinis
1175 1352 1405 1401 ornatus
1426 1362 1631 1415 amaro,

359 1432 605 1488 Dixerit:
649 1434 684 1463 “
702 1433 820 1489 Hos
845 1433 948 1489 tibi
972 1432 1110 1489 dant
1133 1433 1385 1501 calamos,
1416 1450 1485 1487 en
1508 1434 1711 1503 accipe,
1740 1433 1944 1502 Musae,

359 1520 604 1575 Ascraeo
629 1536 764 1590 quos
789 1526 920 1575 ante
945 1522 1080 1589 seni,
1109 1521 1304 1591 quibus
1327 1520 1420 1575 ille
1446 1520 1661 1575 solebat

359 1608 650 1663 Cantando
674 1607 882 1679 rigidas
905 1608 1177 1663 deducere
1199 1607 1484 1663 montibus
1509 1622 1689 1663 ornos.

359 1694 464 1749 His
485 1694 588 1749 tibi
613 1695 828 1763 Grynei
851 1694 1097 1750 nemoris
1121 1693 1340 1749 dicatur
1361 1694 1532 1763 origo,

358 1780 448 1836 Ne
471 1782 592 1850 quis
615 1782 690 1835 sit
711 1782 881 1851 lucus,
910 1797 1020 1851 quo
1041 1797 1102 1835 se
1123 1780 1247 1851 plus
1270 1782 1439 1835 iactet
1462 1780 1725 1850 Apollo.''

361 1867 504 1933 Quid
530 1867 742 1937 loquar,
769 1872 866 1923 aut
890 1866 1128 1935 Scyllam
1152 1866 1292 1935 Nisi,
1320 1882 1484 1936 quam
1508 1866 1659 1921 fama
1678 1870 1867 1921 secuta
1892 1872 1975 1920 'est

360 1954 610 2009 Candida
635 1955 970 2009 succinctam
993 1952 1326 2008 latrantibus
1347 1952 1577 2021 inguina
1600 1953 1863 2007 monstris

359 2040 647 2097 Dulichias
669 2058 898 2097 vexasse
922 2046 1072 2096 rates
1093 2046 1152 2094 et
1173 2040 1395 2108 gurgite
1418 2039 1478 2092 in
1502 2040 1617 2093 alto

358 2128 480 2183 Ah!
522 2128 748 2183 timidos
771 2133 967 2183 nautas
990 2128 1220 2183 canibus
1241 2127 1515 2181 lacerasse
1538 2126 1793 2193 marini83

358 2215 480 2269 Ant
504 2222 568 2269 ut
589 2220 832 2271 mutatos
853 2215 1010 2271 Terei
1033 2214 1344 2270 narraverit
1368 2218 1537 2283 artus,

361 2302 512 2368 Quas
536 2302 618 2357 illi
641 2300 948 2357 Philomela
969 2302 1154 2372 dapes,
1185 2316 1324 2371 quae
1348 2300 1498 2355 dena
1520 2300 1745 2369 pararit,

361 2388 486 2455 Quo
510 2406 674 2445 cursu
698 2388 914 2445 deserta
938 2389 1216 2459 petiverit,
1243 2394 1302 2443 et
1325 2388 1527 2458 quibus
1548 2394 1675 2443 ante

359 2474 565 2531 Infelix
590 2492 690 2530 sua
711 2481 864 2531 tecta
885 2476 1369 2545 supervolitaverit
1392 2474 1527 2531 alis?

430 2560 647 2629 Omnia,
676 2578 830 2633 quae,
857 2562 1090 2617 Phoebo
1115 2561 1394 2632 quondam
1416 2560 1735 2631 meditante,
1766 2561 1959 2617 beatus

360 2648 558 2703 Audiit
579 2648 834 2714 Eurotas,
861 2649 1128 2719 iussitque
1153 2648 1397 2703 ediscere
1418 2647 1620 2715 lauros,

358 2732 460 2790 Ille
483 2734 892 2805 cauit—pulsae
915 2735 1168 2790 referunt
1189 2734 1262 2789 ad
1284 2733 1469 2789 sidera
1490 2734 1729 2789 valles-—

359 2822 571 2892 Cogere
593 2822 773 2876 donec
796 2822 916 2876 ovis
939 2821 1170 2876 stabulis
1193 2836 1593 2890 numerumque
1614 2820 1811 2875 referri

362 2909 532 2965 Iussit
555 2914 614 2963 et
649 2907 830 2961 invito
849 2908 1122 2977 processit
1144 2907 1361 2975 Vesper
1386 2906 1644 2976 Olympo.

1129 3151 1436 3207 ECLOGA
1484 3150 1615 3209 VII.

873 3270 1200 3309 xnmouus.
1275 3272 1555 3311 oon-mox.
1628 3270 1877 3309 rumis.

355 3358 502 3415 Mn.
537 3358 712 3413 Forte
737 3357 839 3413 sub
864 3362 1058 3427 arguta
1081 3358 1407 3413 consederat
1433 3358 1555 3412 ilice
1578 3356 1849 3426 Daphnis,

359 3444 870 3516 Compulerantque
892 3460 1086 3513 greges
1109 3445 1373 3513 Oorydon
1399 3448 1457 3497 et
1477 3442 1705 3510 Thyrsis
1726 3443 1784 3497 in
1808 3456 1999 3508 unum,

356 3530 586 3601 Thyrsis
609 3530 750 3598 ovis,
778 3528 1036 3598 Corydon
1062 3531 1332 3585 distentas
1353 3530 1498 3583 lacte
1522 3526 1771 3596 capellas,

2327 659 2396 711 60

2328 1092 2397 1143 65

2328 1520 2399 1577 70

2328 1954 2395 2009 ’15
