<?xml version="1.0" encoding="UTF-8"?>
<!DOCTYPE html PUBLIC "-//W3C//DTD XHTML 1.0 Transitional//EN"
    "http://www.w3.org/TR/xhtml1/DTD/xhtml1-transitional.dtd">
<html xmlns="http://www.w3.org/1999/xhtml" xml:lang="en" lang="en">
 <head>
  <title>
</title>
<meta http-equiv="Content-Type" content="text/html;charset=utf-8" />
  <meta name='ocr-system' content='tesseract 3.04.00' />
  <meta name='ocr-capabilities' content='ocr_page ocr_carea ocr_par ocr_line ocrx_word'/>
</head>
<body>
  <div class='ocr_page' id='page_1' title='image "arevisedtextpoe01virggoog_0133.png"; bbox 0 0 2725 3892; ppageno 0'>
   <div class='ocr_carea' id='block_1_1' title="bbox 970 252 1706 306">
    <p class='ocr_par' dir='ltr' id='par_1_1' title="bbox 970 252 1706 306">
     <span class='ocr_line' id='line_1_1' title="bbox 970 252 1706 306; baseline -0.004 0"><span class='ocrx_word' id='word_1_1' title='bbox 970 255 1247 306; x_wconf 71' lang='lat' dir='ltr'>VERGILI</span> <span class='ocrx_word' id='word_1_2' title='bbox 1290 253 1622 304; x_wconf 79' lang='lat' dir='ltr'>AENEIDOS</span> <span class='ocrx_word' id='word_1_3' title='bbox 1667 252 1706 303; x_wconf 84' lang='grc' dir='ltr'><strong>Ι.</strong></span> 
     </span>
    </p>
   </div>
   <div class='ocr_carea' id='block_1_2' title="bbox 301 413 1826 2733">
    <p class='ocr_par' dir='ltr' id='par_1_2' title="bbox 301 413 1826 2733">
     <span class='ocr_line' id='line_1_2' title="bbox 301 413 1600 486; baseline -0.005 -13"><span class='ocrx_word' id='word_1_4' title='bbox 301 419 536 474; x_wconf 77' lang='lat' dir='ltr'><strong>Exercet</strong></span> <span class='ocrx_word' id='word_1_5' title='bbox 560 419 663 472; x_wconf 85' lang='lat' dir='ltr'><strong>eub</strong></span> <span class='ocrx_word' id='word_1_6' title='bbox 688 417 801 472; x_wconf 80' lang='lat' dir='ltr'><strong>sole</strong></span> <span class='ocrx_word' id='word_1_7' title='bbox 823 416 996 484; x_wconf 86' lang='lat' dir='ltr'><strong>labor,</strong></span> <span class='ocrx_word' id='word_1_8' title='bbox 1027 433 1149 486; x_wconf 76' lang='lat' dir='ltr'><strong>cum</strong></span> <span class='ocrx_word' id='word_1_9' title='bbox 1176 417 1355 486; x_wconf 84' lang='lat' dir='ltr'><strong>gentis</strong></span> <span class='ocrx_word' id='word_1_10' title='bbox 1379 413 1600 469; x_wconf 80' lang='lat' dir='ltr'><strong>adultos</strong></span> 
     </span>
     <span class='ocr_line' id='line_1_3' title="bbox 304 500 1500 641; baseline -0.003 -82"><span class='ocrx_word' id='word_1_11' title='bbox 304 505 560 560; x_wconf 87' lang='lat' dir='ltr'><strong>Educunt</strong></span> <span class='ocrx_word' id='word_1_12' title='bbox 582 504 747 572; x_wconf 74' lang='lat' dir='ltr'><strong>fetus,</strong></span> <span class='ocrx_word' id='word_1_13' title='bbox 775 508 874 558; x_wconf 87' lang='lat' dir='ltr'><strong>aut</strong></span> <span class='ocrx_word' id='word_1_14' title='bbox 897 502 1310 641; x_wconf 41' lang='lat' dir='ltr'><strong>eumgquentia</strong></span> <span class='ocrx_word' id='word_1_15' title='bbox 1332 500 1500 555; x_wconf 87' lang='lat' dir='ltr'><strong>mella</strong></span> 
     </span>
     <span class='ocr_line' id='line_1_4' title="bbox 304 569 1578 662; baseline -0.003 -16"><span class='ocrx_word' id='word_1_16' title='bbox 304 591 521 662; x_wconf 77' lang='lat' dir='ltr'><strong>Stipant</strong></span> <span class='ocrx_word' id='word_1_17' title='bbox 545 596 602 646; x_wconf 88' lang='lat' dir='ltr'><strong>et</strong></span> <span class='ocrx_word' id='word_1_18' title='bbox 626 589 774 644; x_wconf 89' lang='lat' dir='ltr'><strong>dulci</strong></span> <span class='ocrx_word' id='word_1_19' title='bbox 800 569 1055 644; x_wconf 58' lang='lat' dir='ltr'><strong>distmffn</strong></span> <span class='ocrx_word' id='word_1_20' title='bbox 1097 597 1122 643; x_wconf 87' lang='lat' dir='ltr'><strong>t</strong></span> <span class='ocrx_word' id='word_1_21' title='bbox 1146 594 1370 642; x_wconf 79' lang='lat' dir='ltr'><strong>nectare</strong></span> <span class='ocrx_word' id='word_1_22' title='bbox 1397 587 1578 654; x_wconf 84' lang='lat' dir='ltr'><strong>cellas,</strong></span> 
     </span>
     <span class='ocr_line' id='line_1_5' title="bbox 306 673 1800 745; baseline -0.004 -13"><span class='ocrx_word' id='word_1_23' title='bbox 306 679 419 732; x_wconf 82' lang='lat' dir='ltr'><strong>Aut</strong></span> <span class='ocrx_word' id='word_1_24' title='bbox 442 695 613 732; x_wconf 89' lang='lat' dir='ltr'><strong>onera</strong></span> <span class='ocrx_word' id='word_1_25' title='bbox 638 677 915 745; x_wconf 85' lang='lat' dir='ltr'><strong>accipiunt</strong></span> <span class='ocrx_word' id='word_1_26' title='bbox 940 677 1261 730; x_wconf 86' lang='lat' dir='ltr'><strong>venientum</strong></span> <span class='ocrx_word' id='word_1_27' title='bbox 1287 681 1383 729; x_wconf 87' lang='lat' dir='ltr'><strong>aut</strong></span> <span class='ocrx_word' id='word_1_28' title='bbox 1409 675 1624 744; x_wconf 85' lang='lat' dir='ltr'><strong>agmine</strong></span> <span class='ocrx_word' id='word_1_29' title='bbox 1651 673 1800 727; x_wconf 80' lang='lat' dir='ltr'><strong>facto</strong></span> 
     </span>
     <span class='ocr_line' id='line_1_6' title="bbox 306 745 1650 834; baseline -0.002 -16"><span class='ocrx_word' id='word_1_30' title='bbox 306 764 569 834; x_wconf 81' lang='lat' dir='ltr'><strong>Ignavum</strong></span> <span class='ocrx_word' id='word_1_31' title='bbox 596 763 748 817; x_wconf 82' lang='lat' dir='ltr'><strong>fucos</strong></span> <span class='ocrx_word' id='word_1_32' title='bbox 772 745 941 832; x_wconf 76' lang='lat' dir='ltr'><strong>pecus</strong></span> <span class='ocrx_word' id='word_1_33' title='bbox 964 779 997 816; x_wconf 90' lang='lat' dir='ltr'><strong>a</strong></span> <span class='ocrx_word' id='word_1_34' title='bbox 1018 761 1407 832; x_wconf 78' lang='lat' dir='ltr'><strong>praesaepibus</strong></span> <span class='ocrx_word' id='word_1_35' title='bbox 1433 765 1650 817; x_wconf 78' lang='lat' dir='ltr'><strong>arcent:</strong></span> 
     </span>
     <span class='ocr_line' id='line_1_7' title="bbox 305 839 1826 918; baseline -0.007 -14"><span class='ocrx_word' id='word_1_36' title='bbox 305 849 505 904; x_wconf 82' lang='lat' dir='ltr'><strong>Fervet</strong></span> <span class='ocrx_word' id='word_1_37' title='bbox 528 865 683 918; x_wconf 73' lang='lat' dir='ltr'><strong>opu5‚</strong></span> <span class='ocrx_word' id='word_1_38' title='bbox 712 846 1072 913; x_wconf 83' lang='lat' dir='ltr'><strong>redolentque</strong></span> <span class='ocrx_word' id='word_1_39' title='bbox 1096 844 1293 910; x_wconf 76' lang='lat' dir='ltr'><strong>thymo</strong></span> <span class='ocrx_word' id='word_1_40' title='bbox 1316 841 1622 908; x_wconf 80' lang='lat' dir='ltr'><strong>fragrantia</strong></span> <span class='ocrx_word' id='word_1_41' title='bbox 1645 839 1826 894; x_wconf 83' lang='lat' dir='ltr'><strong>mella.</strong></span> 
     </span>
     <span class='ocr_line' id='line_1_8' title="bbox 308 923 1708 1002; baseline -0.007 -13"><span class='ocrx_word' id='word_1_42' title='bbox 308 933 405 988; x_wconf 90' lang='lat' dir='ltr'><strong>“O</strong></span> <span class='ocrx_word' id='word_1_43' title='bbox 431 933 713 1002; x_wconf 82' lang='lat' dir='ltr'><strong>fortunati,</strong></span> <span class='ocrx_word' id='word_1_44' title='bbox 744 948 973 1002; x_wconf 90' lang='lat' dir='ltr'><strong>quorum</strong></span> <span class='ocrx_word' id='word_1_45' title='bbox 1000 931 1109 984; x_wconf 89' lang='lat' dir='ltr'><strong>iam</strong></span> <span class='ocrx_word' id='word_1_46' title='bbox 1134 927 1356 982; x_wconf 86' lang='lat' dir='ltr'><strong>moenia</strong></span> <span class='ocrx_word' id='word_1_47' title='bbox 1380 925 1644 1000; x_wconf 74' lang='lat' dir='ltr'><strong>surgunt!</strong></span> <span class='ocrx_word' id='word_1_48' title='bbox 1673 923 1708 952; x_wconf 86' lang='grc'>”</span> 
     </span>
     <span class='ocr_line' id='line_1_9' title="bbox 312 1011 1424 1090; baseline -0.005 -19"><span class='ocrx_word' id='word_1_49' title='bbox 312 1019 526 1071; x_wconf 80' lang='lat' dir='ltr'><strong>Aeneae</strong></span> <span class='ocrx_word' id='word_1_50' title='bbox 552 1017 645 1084; x_wconf 87' lang='lat' dir='ltr'><strong>ait,</strong></span> <span class='ocrx_word' id='word_1_51' title='bbox 674 1021 731 1069; x_wconf 88' lang='lat' dir='ltr'><strong>et</strong></span> <span class='ocrx_word' id='word_1_52' title='bbox 757 1015 975 1084; x_wconf 79' lang='lat' dir='ltr'><strong>fastigia</strong></span> <span class='ocrx_word' id='word_1_53' title='bbox 1001 1013 1231 1090; x_wconf 76' lang='lat' dir='ltr'><strong>suspicit</strong></span> <span class='ocrx_word' id='word_1_54' title='bbox 1258 1011 1424 1080; x_wconf 27' lang='lat' dir='ltr'><strong>urb-ie.</strong></span> 
     </span>
     <span class='ocr_line' id='line_1_10' title="bbox 308 1097 1612 1176; baseline -0.006 -18"><span class='ocrx_word' id='word_1_55' title='bbox 308 1103 485 1158; x_wconf 77' lang='lat' dir='ltr'><strong>Infert</strong></span> <span class='ocrx_word' id='word_1_56' title='bbox 510 1119 567 1156; x_wconf 81' lang='lat' dir='ltr'><strong>ee</strong></span> <span class='ocrx_word' id='word_1_57' title='bbox 592 1106 813 1172; x_wconf 76' lang='lat' dir='ltr'><strong>saeptus</strong></span> <span class='ocrx_word' id='word_1_58' title='bbox 834 1097 1361 1176; x_wconf 78' lang='lat' dir='ltr'><strong>nebula—mirabile</strong></span> <span class='ocrx_word' id='word_1_59' title='bbox 1390 1098 1612 1151; x_wconf 86' lang='lat' dir='ltr'><strong>dictu—</strong></span> 
     </span>
     <span class='ocr_line' id='line_1_11' title="bbox 310 1183 1788 1258; baseline -0.002 -16"><span class='ocrx_word' id='word_1_60' title='bbox 310 1189 414 1244; x_wconf 87' lang='lat' dir='ltr'><strong>Per</strong></span> <span class='ocrx_word' id='word_1_61' title='bbox 438 1189 663 1257; x_wconf 85' lang='lat' dir='ltr'><strong>medios,</strong></span> <span class='ocrx_word' id='word_1_62' title='bbox 691 1188 993 1258; x_wconf 70' lang='lat' dir='ltr'><strong>miscetque</strong></span> <span class='ocrx_word' id='word_1_63' title='bbox 1018 1186 1167 1253; x_wconf 75' lang='lat' dir='ltr'><strong>viria,</strong></span> <span class='ocrx_word' id='word_1_64' title='bbox 1197 1201 1382 1254; x_wconf 90' lang='lat' dir='ltr'><strong>neque</strong></span> <span class='ocrx_word' id='word_1_65' title='bbox 1405 1185 1650 1239; x_wconf 86' lang='lat' dir='ltr'><strong>cernitur</strong></span> <span class='ocrx_word' id='word_1_66' title='bbox 1672 1183 1788 1240; x_wconf 88' lang='lat' dir='ltr'><strong>ulli.</strong></span> 
     </span>
     <span class='ocr_line' id='line_1_12' title="bbox 376 1270 1748 1348; baseline -0.004 -18"><span class='ocrx_word' id='word_1_67' title='bbox 376 1275 557 1334; x_wconf 84' lang='lat' dir='ltr'><strong>Lucus</strong></span> <span class='ocrx_word' id='word_1_68' title='bbox 579 1275 639 1328; x_wconf 89' lang='lat' dir='ltr'><strong>in</strong></span> <span class='ocrx_word' id='word_1_69' title='bbox 666 1275 803 1329; x_wconf 88' lang='lat' dir='ltr'><strong>urbe</strong></span> <span class='ocrx_word' id='word_1_70' title='bbox 827 1275 934 1329; x_wconf 79' lang='lat' dir='ltr'><strong>suit</strong></span> <span class='ocrx_word' id='word_1_71' title='bbox 958 1273 1154 1336; x_wconf 83' lang='lat' dir='ltr'><strong>media,</strong></span> <span class='ocrx_word' id='word_1_72' title='bbox 1182 1270 1511 1348; x_wconf 76' lang='lat' dir='ltr'><strong>laetissimus</strong></span> <span class='ocrx_word' id='word_1_73' title='bbox 1535 1271 1748 1341; x_wconf 85' lang='lat' dir='ltr'><strong>umbra,</strong></span> 
     </span>
     <span class='ocr_line' id='line_1_13' title="bbox 311 1357 1622 1434; baseline -0.005 -16"><span class='ocrx_word' id='word_1_74' title='bbox 311 1363 429 1428; x_wconf 83' lang='lat' dir='ltr'><strong>Quo</strong></span> <span class='ocrx_word' id='word_1_75' title='bbox 453 1363 691 1433; x_wconf 88' lang='lat' dir='ltr'><strong>primum</strong></span> <span class='ocrx_word' id='word_1_76' title='bbox 718 1362 905 1434; x_wconf 75' lang='lat' dir='ltr'><strong>iactati</strong></span> <span class='ocrx_word' id='word_1_77' title='bbox 930 1360 1093 1416; x_wconf 81' lang='lat' dir='ltr'><strong>undis</strong></span> <span class='ocrx_word' id='word_1_78' title='bbox 1117 1365 1174 1414; x_wconf 90' lang='lat' dir='ltr'><strong>et</strong></span> <span class='ocrx_word' id='word_1_79' title='bbox 1198 1359 1422 1414; x_wconf 88' lang='lat' dir='ltr'><strong>turbine</strong></span> <span class='ocrx_word' id='word_1_80' title='bbox 1446 1357 1622 1412; x_wconf 87' lang='lat' dir='ltr'><strong>Poeni</strong></span> 
     </span>
     <span class='ocr_line' id='line_1_14' title="bbox 308 1435 1506 1518; baseline -0.006 -13"><span class='ocrx_word' id='word_1_81' title='bbox 308 1449 564 1505; x_wconf 82' lang='lat' dir='ltr'><strong>Effodere</strong></span> <span class='ocrx_word' id='word_1_82' title='bbox 588 1449 715 1504; x_wconf 88' lang='lat' dir='ltr'><strong>loco</strong></span> <span class='ocrx_word' id='word_1_83' title='bbox 740 1448 972 1518; x_wconf 77' lang='lat' dir='ltr'><strong>signum,</strong></span> <span class='ocrx_word' id='word_1_84' title='bbox 1002 1435 1147 1517; x_wconf 80' lang='lat' dir='ltr'><strong>quod</strong></span> <span class='ocrx_word' id='word_1_85' title='bbox 1174 1446 1323 1515; x_wconf 85' lang='lat' dir='ltr'><strong>regia</strong></span> <span class='ocrx_word' id='word_1_86' title='bbox 1350 1445 1506 1499; x_wconf 73' lang='lat' dir='ltr'><strong>Iuno·</strong></span> 
     </span>
     <span class='ocr_line' id='line_1_15' title="bbox 309 1529 1788 1606; baseline -0.003 -15"><span class='ocrx_word' id='word_1_87' title='bbox 309 1529 658 1606; x_wconf 73' lang='lat' dir='ltr'><strong>Monstrarat,</strong></span> <span class='ocrx_word' id='word_1_88' title='bbox 688 1541 858 1606; x_wconf 87' lang='lat' dir='ltr'><strong>caput</strong></span> <span class='ocrx_word' id='word_1_89' title='bbox 882 1535 1023 1590; x_wconf 78' lang='lat' dir='ltr'><strong>aeris</strong></span> <span class='ocrx_word' id='word_1_90' title='bbox 1045 1535 1201 1604; x_wconf 87' lang='lat' dir='ltr'><strong>equi:</strong></span> <span class='ocrx_word' id='word_1_91' title='bbox 1242 1533 1318 1587; x_wconf 79' lang='lat' dir='ltr'><strong>sic</strong></span> <span class='ocrx_word' id='word_1_92' title='bbox 1342 1547 1472 1586; x_wconf 85' lang='lat' dir='ltr'><strong>nam</strong></span> <span class='ocrx_word' id='word_1_93' title='bbox 1500 1531 1618 1586; x_wconf 82' lang='lat' dir='ltr'><strong>sore</strong></span> <span class='ocrx_word' id='word_1_94' title='bbox 1643 1531 1788 1586; x_wconf 89' lang='lat' dir='ltr'><strong>bello</strong></span> 
     </span>
     <span class='ocr_line' id='line_1_16' title="bbox 308 1615 1736 1693; baseline -0.003 -17"><span class='ocrx_word' id='word_1_95' title='bbox 308 1615 595 1693; x_wconf 86' lang='lat' dir='ltr'><strong>Egregiam</strong></span> <span class='ocrx_word' id='word_1_96' title='bbox 622 1628 681 1678; x_wconf 91' lang='lat' dir='ltr'><strong>et</strong></span> <span class='ocrx_word' id='word_1_97' title='bbox 706 1623 929 1678; x_wconf 76' lang='lat' dir='ltr'><strong>facilem</strong></span> <span class='ocrx_word' id='word_1_98' title='bbox 954 1623 1105 1675; x_wconf 84' lang='lat' dir='ltr'><strong>victu</strong></span> <span class='ocrx_word' id='word_1_99' title='bbox 1130 1637 1231 1689; x_wconf 86' lang='lat' dir='ltr'><strong>per</strong></span> <span class='ocrx_word' id='word_1_100' title='bbox 1258 1619 1471 1674; x_wconf 78' lang='lat' dir='ltr'><strong>saecula</strong></span> <span class='ocrx_word' id='word_1_101' title='bbox 1497 1623 1736 1687; x_wconf 82' lang='lat' dir='ltr'><strong>gentem.</strong></span> 
     </span>
     <span class='ocr_line' id='line_1_17' title="bbox 311 1704 1579 1780; baseline -0.007 -13"><span class='ocrx_word' id='word_1_102' title='bbox 311 1709 414 1769; x_wconf 78' lang='lat' dir='ltr'><strong>Hic</strong></span> <span class='ocrx_word' id='word_1_103' title='bbox 438 1709 707 1780; x_wconf 83' lang='lat' dir='ltr'><strong>templum</strong></span> <span class='ocrx_word' id='word_1_104' title='bbox 733 1709 935 1763; x_wconf 90' lang='lat' dir='ltr'><strong>Iunoni</strong></span> <span class='ocrx_word' id='word_1_105' title='bbox 960 1709 1155 1776; x_wconf 81' lang='lat' dir='ltr'><strong>ingens</strong></span> <span class='ocrx_word' id='word_1_106' title='bbox 1180 1705 1409 1760; x_wconf 83' lang='lat' dir='ltr'><strong>Sidonia</strong></span> <span class='ocrx_word' id='word_1_107' title='bbox 1433 1704 1579 1759; x_wconf 86' lang='lat' dir='ltr'><strong>Dido</strong></span> 
     </span>
     <span class='ocr_line' id='line_1_18' title="bbox 309 1791 1688 1869; baseline -0.003 -19"><span class='ocrx_word' id='word_1_108' title='bbox 309 1795 803 1869; x_wconf 49' lang='lat' dir='ltr'><strong>Oondebaasslonis</strong></span> <span class='ocrx_word' id='word_1_109' title='bbox 829 1794 1154 1865; x_wconf 84' lang='lat' dir='ltr'><strong>opulentum</strong></span> <span class='ocrx_word' id='word_1_110' title='bbox 1180 1798 1239 1847; x_wconf 91' lang='lat' dir='ltr'><strong>et</strong></span> <span class='ocrx_word' id='word_1_111' title='bbox 1262 1793 1488 1866; x_wconf 80' lang='lat' dir='ltr'><strong>numine</strong></span> <span class='ocrx_word' id='word_1_112' title='bbox 1514 1791 1688 1857; x_wconf 81' lang='lat' dir='ltr'><strong>divae,</strong></span> 
     </span>
     <span class='ocr_line' id='line_1_19' title="bbox 310 1879 1732 1952; baseline -0.003 -15"><span class='ocrx_word' id='word_1_113' title='bbox 310 1883 491 1939; x_wconf 81' lang='lat' dir='ltr'><strong>Aerea</strong></span> <span class='ocrx_word' id='word_1_114' title='bbox 512 1884 602 1938; x_wconf 88' lang='lat' dir='ltr'><strong>cui</strong></span> <span class='ocrx_word' id='word_1_115' title='bbox 628 1882 887 1952; x_wconf 74' lang='lat' dir='ltr'><strong>gradibus</strong></span> <span class='ocrx_word' id='word_1_116' title='bbox 913 1881 1211 1950; x_wconf 72' lang='lat' dir='ltr'><strong>surgebant</strong></span> <span class='ocrx_word' id='word_1_117' title='bbox 1234 1879 1430 1933; x_wconf 74' lang='lat' dir='ltr'><strong>limina·</strong></span> <span class='ocrx_word' id='word_1_118' title='bbox 1447 1893 1732 1949; x_wconf 81' lang='lat' dir='ltr'><strong>nexaeque</strong></span> 
     </span>
     <span class='ocr_line' id='line_1_20' title="bbox 309 1959 1598 2040; baseline -0.004 -15"><span class='ocrx_word' id='word_1_119' title='bbox 309 1970 455 2027; x_wconf 85' lang='lat' dir='ltr'><strong>Aere</strong></span> <span class='ocrx_word' id='word_1_120' title='bbox 476 1971 677 2038; x_wconf 73' lang='lat' dir='ltr'><strong>trabes,</strong></span> <span class='ocrx_word' id='word_1_121' title='bbox 703 1969 917 2040; x_wconf 75' lang='lat' dir='ltr'><strong>foribus</strong></span> <span class='ocrx_word' id='word_1_122' title='bbox 940 1967 1110 2022; x_wconf 85' lang='lat' dir='ltr'><strong>cardo</strong></span> <span class='ocrx_word' id='word_1_123' title='bbox 1134 1959 1408 2022; x_wconf 75' lang='lat' dir='ltr'><strong>stridebat</strong></span> <span class='ocrx_word' id='word_1_124' title='bbox 1430 1966 1598 2021; x_wconf 78' lang='lat' dir='ltr'><strong>aenis,</strong></span> 
     </span>
     <span class='ocr_line' id='line_1_21' title="bbox 310 2049 1702 2127; baseline -0.003 -18"><span class='ocrx_word' id='word_1_125' title='bbox 310 2049 431 2111; x_wconf 72' lang='lat' dir='ltr'><strong>Hu&#39;c</strong></span> <span class='ocrx_word' id='word_1_126' title='bbox 454 2057 693 2127; x_wconf 86' lang='lat' dir='ltr'><strong>primum</strong></span> <span class='ocrx_word' id='word_1_127' title='bbox 718 2056 774 2109; x_wconf 90' lang='lat' dir='ltr'><strong>in</strong></span> <span class='ocrx_word' id='word_1_128' title='bbox 800 2055 927 2109; x_wconf 78' lang='lat' dir='ltr'><strong>luco</strong></span> <span class='ocrx_word' id='word_1_129' title='bbox 953 2071 1101 2109; x_wconf 83' lang='lat' dir='ltr'><strong>nova</strong></span> <span class='ocrx_word' id='word_1_130' title='bbox 1126 2069 1215 2107; x_wconf 77' lang='lat' dir='ltr'><strong>res</strong></span> <span class='ocrx_word' id='word_1_131' title='bbox 1239 2053 1424 2107; x_wconf 87' lang='lat' dir='ltr'><strong>oblata</strong></span> <span class='ocrx_word' id='word_1_132' title='bbox 1447 2053 1702 2107; x_wconf 86' lang='lat' dir='ltr'><strong>timorem</strong></span> 
     </span>
     <span class='ocr_line' id='line_1_22' title="bbox 307 2139 1638 2213; baseline -0.005 -15"><span class='ocrx_word' id='word_1_133' title='bbox 307 2141 507 2213; x_wconf 88' lang='lat' dir='ltr'><strong>Leniit‚</strong></span> <span class='ocrx_word' id='word_1_134' title='bbox 530 2143 625 2196; x_wconf 87' lang='lat' dir='ltr'><strong>hic</strong></span> <span class='ocrx_word' id='word_1_135' title='bbox 649 2143 885 2212; x_wconf 86' lang='lat' dir='ltr'><strong>primum</strong></span> <span class='ocrx_word' id='word_1_136' title='bbox 914 2141 1132 2197; x_wconf 81' lang='lat' dir='ltr'><strong>Aeneae</strong></span> <span class='ocrx_word' id='word_1_137' title='bbox 1156 2155 1380 2210; x_wconf 78' lang='lat' dir='ltr'><strong>sperare</strong></span> <span class='ocrx_word' id='word_1_138' title='bbox 1407 2139 1638 2193; x_wconf 86' lang='lat' dir='ltr'><strong>salutem</strong></span> 
     </span>
     <span class='ocr_line' id='line_1_23' title="bbox 308 2227 1564 2285; baseline -0.003 0"><span class='ocrx_word' id='word_1_139' title='bbox 308 2230 495 2285; x_wconf 80' lang='lat' dir='ltr'><strong>Ausus</strong></span> <span class='ocrx_word' id='word_1_140' title='bbox 518 2235 579 2284; x_wconf 90' lang='lat' dir='ltr'><strong>et</strong></span> <span class='ocrx_word' id='word_1_141' title='bbox 601 2227 835 2284; x_wconf 81' lang='lat' dir='ltr'><strong>adflictis</strong></span> <span class='ocrx_word' id='word_1_142' title='bbox 856 2228 1055 2283; x_wconf 77' lang='lat' dir='ltr'><strong>melius</strong></span> <span class='ocrx_word' id='word_1_143' title='bbox 1080 2227 1357 2282; x_wconf 83' lang='lat' dir='ltr'><strong>confidere</strong></span> <span class='ocrx_word' id='word_1_144' title='bbox 1383 2227 1564 2281; x_wconf 82' lang='lat' dir='ltr'><strong>rebus.</strong></span> 
     </span>
     <span class='ocr_line' id='line_1_24' title="bbox 309 2311 1795 2386; baseline -0.003 -16"><span class='ocrx_word' id='word_1_145' title='bbox 309 2315 562 2386; x_wconf 77' lang='lat' dir='ltr'><strong>Namque</strong></span> <span class='ocrx_word' id='word_1_146' title='bbox 586 2315 687 2370; x_wconf 80' lang='lat' dir='ltr'><strong>sub</strong></span> <span class='ocrx_word' id='word_1_147' title='bbox 710 2315 922 2384; x_wconf 78' lang='lat' dir='ltr'><strong>ingenti</strong></span> <span class='ocrx_word' id='word_1_148' title='bbox 948 2315 1149 2370; x_wconf 76' lang='lat' dir='ltr'><strong>lustrat</strong></span> <span class='ocrx_word' id='word_1_149' title='bbox 1172 2313 1303 2367; x_wconf 87' lang='lat' dir='ltr'><strong>dum</strong></span> <span class='ocrx_word' id='word_1_150' title='bbox 1330 2313 1546 2382; x_wconf 75' lang='lat' dir='ltr'><strong>singula</strong></span> <span class='ocrx_word' id='word_1_151' title='bbox 1569 2311 1795 2382; x_wconf 88' lang='lat' dir='ltr'><strong>templo,</strong></span> 
     </span>
     <span class='ocr_line' id='line_1_25' title="bbox 308 2399 1792 2472; baseline -0.004 -14"><span class='ocrx_word' id='word_1_152' title='bbox 308 2403 575 2472; x_wconf 78' lang='lat' dir='ltr'><strong>Reginam</strong></span> <span class='ocrx_word' id='word_1_153' title='bbox 601 2399 907 2472; x_wconf 60' lang='lat' dir='ltr'><strong>opperiente,</strong></span> <span class='ocrx_word' id='word_1_154' title='bbox 936 2402 1083 2468; x_wconf 86' lang='lat' dir='ltr'><strong>dum,</strong></span> <span class='ocrx_word' id='word_1_155' title='bbox 1114 2417 1253 2472; x_wconf 80' lang='lat' dir='ltr'><strong>quae</strong></span> <span class='ocrx_word' id='word_1_156' title='bbox 1280 2400 1526 2455; x_wconf 83' lang='lat' dir='ltr'><strong>Fortuna</strong></span> <span class='ocrx_word' id='word_1_157' title='bbox 1551 2401 1624 2454; x_wconf 83' lang='lat' dir='ltr'><strong>sit</strong></span> <span class='ocrx_word' id='word_1_158' title='bbox 1648 2400 1792 2471; x_wconf 74' lang='lat' dir='ltr'><strong>urbi,</strong></span> 
     </span>
     <span class='ocr_line' id='line_1_26' title="bbox 312 2487 1822 2566; baseline -0.005 -21"><span class='ocrx_word' id='word_1_159' title='bbox 312 2489 710 2566; x_wconf 82' lang='lat' dir='ltr'><strong>Artificumque</strong></span> <span class='ocrx_word' id='word_1_160' title='bbox 732 2505 931 2543; x_wconf 82' lang='lat' dir='ltr'><strong>manus</strong></span> <span class='ocrx_word' id='word_1_161' title='bbox 954 2489 1101 2543; x_wconf 87' lang='lat' dir='ltr'><strong>inter</strong></span> <span class='ocrx_word' id='word_1_162' title='bbox 1127 2503 1185 2542; x_wconf 78' lang='lat' dir='ltr'><strong>ee</strong></span> <span class='ocrx_word' id='word_1_163' title='bbox 1212 2503 1548 2557; x_wconf 87' lang='lat' dir='ltr'><strong>operumque</strong></span> <span class='ocrx_word' id='word_1_164' title='bbox 1573 2487 1822 2541; x_wconf 88' lang='lat' dir='ltr'><strong>laborem</strong></span> 
     </span>
     <span class='ocr_line' id='line_1_27' title="bbox 308 2573 1512 2646; baseline -0.002 -16"><span class='ocrx_word' id='word_1_165' title='bbox 308 2576 558 2645; x_wconf 75' lang='lat' dir='ltr'><strong>Miratur,</strong></span> <span class='ocrx_word' id='word_1_166' title='bbox 585 2575 741 2630; x_wconf 77' lang='lat' dir='ltr'><strong>videt</strong></span> <span class='ocrx_word' id='word_1_167' title='bbox 764 2573 961 2630; x_wconf 80' lang='lat' dir='ltr'><strong>Iliacas</strong></span> <span class='ocrx_word' id='word_1_168' title='bbox 984 2591 1055 2630; x_wconf 86' lang='lat' dir='ltr'><strong>ex</strong></span> <span class='ocrx_word' id='word_1_169' title='bbox 1080 2574 1275 2646; x_wconf 72' lang='lat' dir='ltr'><strong>ordine</strong></span> <span class='ocrx_word' id='word_1_170' title='bbox 1299 2589 1512 2644; x_wconf 79' lang='lat' dir='ltr'><strong>pugnae</strong></span> 
     </span>
     <span class='ocr_line' id='line_1_28' title="bbox 310 2659 1684 2733; baseline -0.001 -17"><span class='ocrx_word' id='word_1_171' title='bbox 310 2661 567 2733; x_wconf 87' lang='lat' dir='ltr'><strong>Bellaque</strong></span> <span class='ocrx_word' id='word_1_172' title='bbox 590 2663 701 2716; x_wconf 86' lang='lat' dir='ltr'><strong>iam</strong></span> <span class='ocrx_word' id='word_1_173' title='bbox 725 2662 879 2717; x_wconf 82' lang='lat' dir='ltr'><strong>fama</strong></span> <span class='ocrx_word' id='word_1_174' title='bbox 900 2665 1078 2716; x_wconf 85' lang='lat' dir='ltr'><strong>totum</strong></span> <span class='ocrx_word' id='word_1_175' title='bbox 1106 2659 1329 2731; x_wconf 85' lang='lat' dir='ltr'><strong>volgata</strong></span> <span class='ocrx_word' id='word_1_176' title='bbox 1352 2677 1453 2730; x_wconf 86' lang='lat' dir='ltr'><strong>per</strong></span> <span class='ocrx_word' id='word_1_177' title='bbox 1478 2662 1684 2724; x_wconf 81' lang='lat' dir='ltr'><strong>orbem,</strong></span> 
     </span>
    </p>
   </div>
   <div class='ocr_carea' id='block_1_3' title="bbox 308 2745 2126 2904">
    <p class='ocr_par' dir='ltr' id='par_1_3' title="bbox 308 2745 2126 2904">
     <span class='ocr_line' id='line_1_29' title="bbox 309 2745 1917 2818; baseline -0.001 -16"><span class='ocrx_word' id='word_1_178' title='bbox 309 2749 551 2817; x_wconf 78' lang='lat' dir='ltr'><strong>Atridas,</strong></span> <span class='ocrx_word' id='word_1_179' title='bbox 578 2747 983 2818; x_wconf 87' lang='lat' dir='ltr'><strong>Priamumque,</strong></span> <span class='ocrx_word' id='word_1_180' title='bbox 1013 2753 1070 2802; x_wconf 90' lang='lat' dir='ltr'><strong>et</strong></span> <span class='ocrx_word' id='word_1_181' title='bbox 1094 2763 1318 2802; x_wconf 80' lang='lat' dir='ltr'><strong>saevum</strong></span> <span class='ocrx_word' id='word_1_182' title='bbox 1347 2747 1616 2801; x_wconf 81' lang='lat' dir='ltr'><strong>ambobus</strong></span> <span class='ocrx_word' id='word_1_183' title='bbox 1642 2745 1917 2802; x_wconf 86' lang='lat' dir='ltr'><strong>Achillen.</strong></span> 
     </span>
     <span class='ocr_line' id='line_1_30' title="bbox 308 2831 2126 2904; baseline -0.002 -13"><span class='ocrx_word' id='word_1_184' title='bbox 308 2836 591 2904; x_wconf 77' lang='lat' dir='ltr'><strong>Constitit,</strong></span> <span class='ocrx_word' id='word_1_185' title='bbox 617 2841 675 2891; x_wconf 88' lang='lat' dir='ltr'><strong>et</strong></span> <span class='ocrx_word' id='word_1_186' title='bbox 697 2833 993 2904; x_wconf 79' lang='lat' dir='ltr'><strong>lacrimans</strong></span> <span class='ocrx_word' id='word_1_187' title='bbox 1030 2835 1067 2863; x_wconf 76' lang='lat'><strong>‘⁴</strong></span> <span class='ocrx_word' id='word_1_188' title='bbox 1083 2833 1217 2900; x_wconf 74' lang='lat' dir='ltr'><strong>Quia</strong></span> <span class='ocrx_word' id='word_1_189' title='bbox 1242 2833 1352 2888; x_wconf 87' lang='lat' dir='ltr'><strong>iam</strong></span> <span class='ocrx_word' id='word_1_190' title='bbox 1379 2832 1590 2898; x_wconf 80' lang='lat' dir='ltr'><strong>locus,”</strong></span> <span class='ocrx_word' id='word_1_191' title='bbox 1616 2833 1809 2903; x_wconf 88' lang='lat' dir='ltr'><strong>iuquit,</strong></span> <span class='ocrx_word' id='word_1_192' title='bbox 1845 2831 2126 2900; x_wconf 60' lang='lat' dir='ltr'><strong>“Acham,</strong></span> 
     </span>
    </p>
   </div>
   <div class='ocr_carea' id='block_1_4' title="bbox 306 2918 1848 3163">
    <p class='ocr_par' dir='ltr' id='par_1_4' title="bbox 306 2918 1848 3163">
     <span class='ocr_line' id='line_1_31' title="bbox 308 2918 1706 2991; baseline -0.003 -14"><span class='ocrx_word' id='word_1_193' title='bbox 308 2921 461 2988; x_wconf 82' lang='lat' dir='ltr'><strong>Quae</strong></span> <span class='ocrx_word' id='word_1_194' title='bbox 486 2923 639 2991; x_wconf 84' lang='lat' dir='ltr'><strong>regio</strong></span> <span class='ocrx_word' id='word_1_195' title='bbox 662 2921 719 2976; x_wconf 91' lang='lat' dir='ltr'><strong>in</strong></span> <span class='ocrx_word' id='word_1_196' title='bbox 744 2920 910 2976; x_wconf 78' lang='lat' dir='ltr'><strong>terrie</strong></span> <span class='ocrx_word' id='word_1_197' title='bbox 932 2921 1111 2975; x_wconf 83' lang='lat' dir='ltr'><strong>nostri</strong></span> <span class='ocrx_word' id='word_1_198' title='bbox 1128 2918 1251 2974; x_wconf 76' lang='lat' dir='ltr'><strong>¹hon</strong></span> <span class='ocrx_word' id='word_1_199' title='bbox 1274 2919 1443 2990; x_wconf 83' lang='lat' dir='ltr'><strong>plena</strong></span> <span class='ocrx_word' id='word_1_200' title='bbox 1467 2919 1706 2974; x_wconf 68' lang='lat' dir='ltr'><strong>laboris?</strong></span> 
     </span>
     <span class='ocr_line' id='line_1_32' title="bbox 306 3005 1814 3092; baseline -0.003 -29"><span class='ocrx_word' id='word_1_201' title='bbox 306 3009 391 3063; x_wconf 84' lang='lat' dir='ltr'><strong>En</strong></span> <span class='ocrx_word' id='word_1_202' title='bbox 418 3008 684 3092; x_wconf 66' lang='lat' dir='ltr'><strong>Priamuq.</strong></span> <span class='ocrx_word' id='word_1_203' title='bbox 760 3007 902 3062; x_wconf 84' lang='lat' dir='ltr'><strong>Sunt</strong></span> <span class='ocrx_word' id='word_1_204' title='bbox 926 3007 1020 3061; x_wconf 87' lang='lat' dir='ltr'><strong>hic</strong></span> <span class='ocrx_word' id='word_1_205' title='bbox 1046 3007 1212 3062; x_wconf 85' lang='lat' dir='ltr'><strong>etia‘m</strong></span> <span class='ocrx_word' id='word_1_206' title='bbox 1240 3021 1339 3060; x_wconf 82' lang='lat' dir='ltr'><strong>sua</strong></span> <span class='ocrx_word' id='word_1_207' title='bbox 1362 3006 1611 3075; x_wconf 86' lang='lat' dir='ltr'><strong>praemia</strong></span> <span class='ocrx_word' id='word_1_208' title='bbox 1633 3005 1814 3074; x_wconf 77' lang='lat' dir='ltr'><strong>laudi3</strong></span> 
     </span>
     <span class='ocr_line' id='line_1_33' title="bbox 308 3091 1848 3163; baseline -0.003 -13"><span class='ocrx_word' id='word_1_209' title='bbox 308 3096 449 3150; x_wconf 88' lang='lat' dir='ltr'><strong>Sunt</strong></span> <span class='ocrx_word' id='word_1_210' title='bbox 472 3095 729 3150; x_wconf 75' lang='lat' dir='ltr'><strong>lacrimae</strong></span> <span class='ocrx_word' id='word_1_211' title='bbox 753 3109 939 3163; x_wconf 81' lang='lat' dir='ltr'><strong>rerum</strong></span> <span class='ocrx_word' id='word_1_212' title='bbox 966 3099 1022 3148; x_wconf 92' lang='lat' dir='ltr'><strong>et</strong></span> <span class='ocrx_word' id='word_1_213' title='bbox 1044 3097 1289 3148; x_wconf 88' lang='lat' dir='ltr'><strong>mentem</strong></span> <span class='ocrx_word' id='word_1_214' title='bbox 1312 3091 1574 3150; x_wconf 81' lang='lat' dir='ltr'><strong>mortalia</strong></span> <span class='ocrx_word' id='word_1_215' title='bbox 1597 3096 1848 3161; x_wconf 84' lang='lat' dir='ltr'><strong>tangunt.</strong></span> 
     </span>
    </p>
   </div>
   <div class='ocr_carea' id='block_1_5' title="bbox 306 3177 1920 3248">
    <p class='ocr_par' dir='ltr' id='par_1_5' title="bbox 306 3177 1920 3248">
     <span class='ocr_line' id='line_1_34' title="bbox 306 3177 1920 3248; baseline -0.002 -12"><span class='ocrx_word' id='word_1_216' title='bbox 306 3181 471 3236; x_wconf 81' lang='lat' dir='ltr'><strong>Solve</strong></span> <span class='ocrx_word' id='word_1_217' title='bbox 494 3177 708 3248; x_wconf 66' lang='lat' dir='ltr'><strong>metu&#39;s3</strong></span> <span class='ocrx_word' id='word_1_218' title='bbox 743 3182 889 3235; x_wconf 83' lang='lat' dir='ltr'><strong>feret</strong></span> <span class='ocrx_word' id='word_1_219' title='bbox 910 3180 1049 3234; x_wconf 87' lang='lat' dir='ltr'><strong>haec</strong></span> <span class='ocrx_word' id='word_1_220' title='bbox 1072 3179 1308 3248; x_wconf 82' lang='lat' dir='ltr'><strong>aliquam</strong></span> <span class='ocrx_word' id='word_1_221' title='bbox 1332 3179 1448 3232; x_wconf 84' lang='lat' dir='ltr'><strong>tibi&#39;</strong></span> <span class='ocrx_word' id='word_1_222' title='bbox 1465 3177 1610 3233; x_wconf 84' lang='lat' dir='ltr'><strong>fama</strong></span> <span class='ocrx_word' id='word_1_223' title='bbox 1635 3178 1920 3234; x_wconf 82' lang='lat' dir='ltr'><strong>salutem.”</strong></span> 
     </span>
    </p>
   </div>
   <div class='ocr_carea' id='block_1_6' title="bbox 306 3265 1801 3598">
    <p class='ocr_par' dir='ltr' id='par_1_6' title="bbox 306 3265 1801 3598">
     <span class='ocr_line' id='line_1_35' title="bbox 308 3265 1622 3340; baseline -0.002 -19"><span class='ocrx_word' id='word_1_224' title='bbox 308 3269 398 3323; x_wconf 87' lang='lat' dir='ltr'><strong>Sic</strong></span> <span class='ocrx_word' id='word_1_225' title='bbox 422 3269 518 3336; x_wconf 88' lang='lat' dir='ltr'><strong>ait,</strong></span> <span class='ocrx_word' id='word_1_226' title='bbox 546 3273 715 3339; x_wconf 88' lang='lat' dir='ltr'><strong>atque</strong></span> <span class='ocrx_word' id='word_1_227' title='bbox 739 3265 987 3324; x_wconf 85' lang='lat' dir='ltr'><strong>animum</strong></span> <span class='ocrx_word' id='word_1_228' title='bbox 1012 3267 1229 3340; x_wconf 75' lang='lat' dir='ltr'><strong>pictura</strong></span> <span class='ocrx_word' id='word_1_229' title='bbox 1252 3266 1428 3334; x_wconf 83' lang='lat' dir='ltr'><strong>pascit</strong></span> <span class='ocrx_word' id='word_1_230' title='bbox 1455 3265 1622 3332; x_wconf 80' lang='lat' dir='ltr'><strong>inani,</strong></span> 
     </span>
     <span class='ocr_line' id='line_1_36' title="bbox 306 3351 1801 3425; baseline -0.001 -17"><span class='ocrx_word' id='word_1_231' title='bbox 306 3353 484 3410; x_wconf 83' lang='lat' dir='ltr'><strong>Multa</strong></span> <span class='ocrx_word' id='word_1_232' title='bbox 504 3371 743 3425; x_wconf 79' lang='lat' dir='ltr'><strong>gemens,</strong></span> <span class='ocrx_word' id='word_1_233' title='bbox 770 3355 1035 3424; x_wconf 83' lang='lat' dir='ltr'><strong>largoque</strong></span> <span class='ocrx_word' id='word_1_234' title='bbox 1060 3357 1299 3408; x_wconf 87' lang='lat' dir='ltr'><strong>umectat</strong></span> <span class='ocrx_word' id='word_1_235' title='bbox 1324 3353 1551 3406; x_wconf 87' lang='lat' dir='ltr'><strong>flumine</strong></span> <span class='ocrx_word' id='word_1_236' title='bbox 1577 3351 1801 3406; x_wconf 86' lang='lat' dir='ltr'><strong>voltum.</strong></span> 
     </span>
     <span class='ocr_line' id='line_1_37' title="bbox 308 3437 1761 3512; baseline -0.001 -18"><span class='ocrx_word' id='word_1_237' title='bbox 308 3439 562 3512; x_wconf 81' lang='lat' dir='ltr'><strong>Namque</strong></span> <span class='ocrx_word' id='word_1_238' title='bbox 586 3441 827 3510; x_wconf 83' lang='lat' dir='ltr'><strong>videbat,</strong></span> <span class='ocrx_word' id='word_1_239' title='bbox 857 3440 941 3494; x_wconf 84' lang='lat' dir='ltr'><strong>uti</strong></span> <span class='ocrx_word' id='word_1_240' title='bbox 964 3438 1235 3493; x_wconf 76' lang='lat' dir='ltr'><strong>bellantes</strong></span> <span class='ocrx_word' id='word_1_241' title='bbox 1258 3437 1532 3508; x_wconf 84' lang='lat' dir='ltr'><strong>Pergama</strong></span> <span class='ocrx_word' id='word_1_242' title='bbox 1555 3437 1761 3492; x_wconf 85' lang='lat' dir='ltr'><strong>circum</strong></span> 
     </span>
     <span class='ocr_line' id='line_1_38' title="bbox 308 3523 1757 3598; baseline -0.003 -18"><span class='ocrx_word' id='word_1_243' title='bbox 308 3525 429 3582; x_wconf 81' lang='lat' dir='ltr'><strong>Hac</strong></span> <span class='ocrx_word' id='word_1_244' title='bbox 452 3527 715 3598; x_wconf 78' lang='lat' dir='ltr'><strong>fugerent</strong></span> <span class='ocrx_word' id='word_1_245' title='bbox 738 3527 889 3596; x_wconf 85' lang='lat' dir='ltr'><strong>Grai,</strong></span> <span class='ocrx_word' id='word_1_246' title='bbox 918 3529 1195 3595; x_wconf 86' lang='lat' dir='ltr'><strong>premeret</strong></span> <span class='ocrx_word' id='word_1_247' title='bbox 1220 3523 1458 3580; x_wconf 86' lang='lat' dir='ltr'><strong>Troiana</strong></span> <span class='ocrx_word' id='word_1_248' title='bbox 1481 3524 1757 3591; x_wconf 76' lang='lat' dir='ltr'><strong>iuventus,</strong></span> 
     </span>
    </p>
   </div>
   <div class='ocr_carea' id='block_1_7' title="bbox 2232 757 2336 811">
    <p class='ocr_par' dir='ltr' id='par_1_7' title="bbox 2232 757 2336 811">
     <span class='ocr_line' id='line_1_39' title="bbox 2232 757 2336 811; baseline -0.01 0"><span class='ocrx_word' id='word_1_249' title='bbox 2232 757 2336 811; x_wconf 77' lang='lat'><strong>435</strong></span> 
     </span>
    </p>
   </div>
   <div class='ocr_carea' id='block_1_8' title="bbox 2235 2052 2340 2104">
    <p class='ocr_par' dir='ltr' id='par_1_8' title="bbox 2235 2052 2340 2104">
     <span class='ocr_line' id='line_1_40' title="bbox 2235 2052 2340 2104; baseline 0.01 -1"><span class='ocrx_word' id='word_1_250' title='bbox 2235 2052 2340 2104; x_wconf 77' lang='lat'><strong>450</strong></span> 
     </span>
    </p>
   </div>
   <div class='ocr_carea' id='block_1_9' title="bbox 2235 2487 2340 2540">
    <p class='ocr_par' dir='ltr' id='par_1_9' title="bbox 2235 2487 2340 2540">
     <span class='ocr_line' id='line_1_41' title="bbox 2235 2487 2340 2540; baseline -0.01 0"><span class='ocrx_word' id='word_1_251' title='bbox 2235 2487 2340 2540; x_wconf 74' lang='lat'><strong>465</strong></span> 
     </span>
    </p>
   </div>
   <div class='ocr_carea' id='block_1_10' title="bbox 2237 2919 2343 2973">
    <p class='ocr_par' dir='ltr' id='par_1_10' title="bbox 2237 2919 2343 2973">
     <span class='ocr_line' id='line_1_42' title="bbox 2237 2919 2343 2973; baseline 0.009 -1"><span class='ocrx_word' id='word_1_252' title='bbox 2237 2919 2343 2973; x_wconf 74' lang='lat'><strong>460</strong></span> 
     </span>
    </p>
   </div>
   <div class='ocr_carea' id='block_1_11' title="bbox 2241 3351 2344 3402">
    <p class='ocr_par' dir='ltr' id='par_1_11' title="bbox 2241 3351 2344 3402">
     <span class='ocr_line' id='line_1_43' title="bbox 2241 3351 2344 3402; baseline 0.01 -1"><span class='ocrx_word' id='word_1_253' title='bbox 2241 3351 2344 3402; x_wconf 78' lang='lat'><strong>465</strong></span> 
     </span>
    </p>
   </div>
  </div>
 </body>
</html>
