2725 3892
983 207 1260 259 mom
1303 208 1633 260 mnmos
1674 209 1764 260 vl.

355 367 448 421 Sic
471 366 724 436 equidem
749 367 1018 422 ducebam
1042 368 1228 447 animo
1251 369 1525 438 rebarque
1548 371 1819 440 futurum,

355 453 628 524 Tempora
650 453 1022 524 dinumerans,
1049 471 1156 509 nec
1179 471 1270 510 me
1292 471 1419 510 mea
1441 472 1573 511 cura
1595 457 1814 512 fefellit.
1888 465 1893 470 “

356 541 506 607 Quas
529 559 634 610 ego
657 545 717 596 te
741 530 916 604 terras
940 546 997 596 et
1020 540 1246 610 quanta
1249 558 1350 611 per
1374 559 1615 612 aequora
1636 551 1862 620 veqtum

354 628 632 699 Accipiol
663 629 882 697 quantis
903 627 1188 707 iactatum,
1217 635 1364 698 nate,
1394 630 1643 698 periclis}

355 714 536 796 Quam
561 714 750 784 metui,
778 731 851 768 ne
875 714 1010 784 quid
1032 715 1240 782 Libyae
1265 716 1370 770 tibi
1394 731 1566 784 regna
1588 719 1879 771 nocerent!
1904 715 1937 746 ’²

313 810 318 818 ’
347 776 454 855 '1110
480 805 700 856 autem:
745 802 780 832 ‘⁴
794 800 912 856 Tua
933 817 1038 869 me,
1065 801 1300 871 genitor,
1327 807 1427 856 tua
1450 803 1659 856 tristis
1642 819 1839 872 imago,

354 887 582 958 Saepius
606 903 915 955 occurrens,
943 887 1080 946 haec
1101 887 1296 943 limina
1316 887 1547 943 tendere
1570 873 1784 958 adegit.

354 975 518 1030 Stant
541 974 652 1030 sale
676 965 965 1043 Tyrrheno
991 973 1206 1030 classes.
1279 974 1408 1030 Da
1392 991 1619 1044 iungere
1642 974 1913 1045 dextram,

351 1062 456 1132 Da,
483 1057 713 1131 genitor,
743 1065 908 1131 teque
933 1049 1192 1130 amplexu
1215 1078 1286 1116 ne
1309 1061 1573 1116 subtrahe
1598 1063 1843 1118 nostro.'‘

353 1150 447 1204 Sic
470 1151 783 1203 ‘memorans
805 1148 963 1217 largo
992 1147 1126 1202 fletu
1151 1147 1314 1202 simul
1337 1163 1439 1203 ora
1460 1148 1692 1217 rigabat.

352 1237 458 1291 Ter
484 1241 711 1291 conatus
734 1236 814 1290 ibi
840 1234 985 1291 coUo
1011 1234 1144 1290 dare
1169 1235 1429 1290 bracchia
1450 1236 1675 1304 circum,

352 1324 460 1378 Ter
483 1325 695 1379 trustra
718 1339 1044 1394 comprensa
1066 1303 1262 1377 manus
1285 1321 1519 1390 effugit·
1504 1339 1704 1392 imago,

353 1410 462 1464 Par
485 1409 700 1464 levibus
723 1411 906 1464 ventis
932 1387 1254 1480 volucrique
1281 1409 1559 1464 simillima
1580 1426 1795 1466 somno.

423 1496 646 1552 Interea
669 1496 824 1550 videt
852 1498 1070 1551 Aeneas
1097 1496 1159 1549 in
1181 1495 1326 1550 valle
1348 1495 1579 1551 reducta

351 1583 635 1640 seclusum
657 1600 852 1638 nemus
875 1589 934 1637 et
957 1583 1198 1652 virgulta
1219 1586 1475 1639 sonantia
1498 1585 1681 1654 silvae,

351 1673 776 1744 Lethaeamque,
806 1673 1000 1728 domos
1024 1673 1270 1742 placidas
1291 1675 1385 1743 qui
1410 1677 1715 1742 praeuenit,
1742 1689 1983 1728 amnem.

353 1764 516 1818 Hunc
539 1763 748 1818 circum
770 1765 1094 1818 innumerae
1115 1769 1308 1832 gentes
1333 1762 1631 1831 populique
1657 1761 1949 1826 volabant3

355 1852 438 1906 Ac
465 1852 617 1906 velut
640 1852 698 1904 in
722 1851 897 1921 pratis
919 1852 1015 1905 ubi
1041 1867 1172 1920 apes
1196 1854 1407 1904 aestate
1430 1865 1627 1904 serena

351 1937 606 1994 Floribus
629 1939 879 1994 insidunt
900 1941 1084 2009 variis,
1112 1946 1171 1994 et
1195 1939 1435 1994 candida
1456 1939 1664 1994 circum

350 2029 492 2084 Lilia
515 2030 841 2100 funduntur,
871 2033 1068 2101 strepit
1091 2031 1271 2086 omnis
1295 2045 1578 2085 murmure
1602 2045 1843 2099 campus.

353 2115 637 2172 Horrescit
661 2117 782 2172 visu
808 2119 1004 2186 subite,
1035 2135 1336 2188 causasque
1361 2118 1593 2188 requirit

353 2201 565 2257 Inscius
592 2203 832 2268 Aeneas:
867 2221 1008 2274 qnae
1025 2207 1138 2261 sint
1155 2205 1471 2260 ea‘flumina
1492 2219 1680 2273 porro,

351 2287 530 2353 Quive
555 2289 661 2344 viri
685 2295 842 2345 tanto
867 2291 1196 2360 complerint
1219 2291 1439 2360 agmine
1465 2291 1627 2360 ripae.

347 2371 489 2429 Tum
513 2383 672 2445 pater
695 2375 996 2432 Anchises:
1043 2380 1075 2408 ‘⁴
1093 2378 1345 2444 Animae,
1376 2377 1574 2447 quibus
1598 2376 1772 2430 altera
1792 2375 1911 2430 fato

351 2463 603 2532 Corpora
627 2462 916 2533 debentur,
947 2464 1172 2520 Lethaei
1201 2465 1270 2519 ad
1293 2464 1537 2518 fluminis
1560 2462 1761 2517 undam

350 2547 586 2604 Securos
609 2549 801 2609 latices
823 2557 881 2605 et
903 2550 1074 2624 longa
1094 2551 1301 2628 oblivia
1321 2556 1536 2624 potant.

353 2635 467 2690 Has
493 2637 745 2707 equidem
774 2653 1082 2692 memorare
1107 2637 1209 2691 tibi
1235 2641 1399 2706 atque
1424 2637 1715 2691 ostendere
1739 2651 1943 2701 coram,

349 2721 684 2793 Iampridem
708 2723 852 2777 hanc
876 2723 1274 2793 prolemxcupio
1297 2739 1623 2784 enumerare
1648 2739 1913 2790 meorum,

350 2809 474 2875 Quo
499 2811 674 2878 magis
698 2809 862 2864 Italia
881 2825 1097 2864 mecum
1121 2797 1328 2864 laetere
1353 2810 1628 2884 reperta.'’

351 2897 388 2926 ‘⁸
406 2896 454 2949 Ο
482 2901 654 2966 pater,
671 2899 826 2951 'anne
851 2896 1060 2966 aliquas
1085 2895 1156 2950 ad
1179 2895 1391 2951 caelum
1414 2896 1547 2950 hinc
1568 2896 1651 2950 ire
1673 2895 1978 2965 putandum
2004 2901 2090 2949 est

349 2981 606 3037 Sublimis
629 2983 856 3051 animas,
883 2983 1194 3052 iterumque
1218 2982 1288 3036 ad
1309 2982 1473 3038 tarda
1495 2983 1698 3038 reverti

349 3069 634 3139 Oorporai
671 3085 811 3138 quae
836 3068 974 3123 lucis
999 3069 1215 3146 miseris
1239 3073 1352 3123 tam
1380 3067 1503 3124 dira
1526 3067 1766 3139 cupido?
1788 3068 1822 3098 ”

351 3155 598 3211 “Dicam
624 3155 893 3225 equidem,
920 3153 1026 3210 nec
1048 3161 1108 3210 te
1125 3172 1466 3226 suspensum,
1493 3162 1639 3224 nate,
1668 3157 1873 3212 tenebo
1890 3156 1923 3184 ’⁹

349 3241 590 3312 Suscipit
613 3241 901 3312 Anchises,
931 3247 1096 3312 atque
1121 3241 1314 3298 ordine
1339 3244 1558 3312 singula
1579 3244 1789 3314 pandit.

417 3328 700 3398 Principio
724 3329 936 3384 caelum
963 3347 1027 3386 ac
1049 3335 1226 3386 terras
1251 3347 1583 3401 camposque
1606 3330 1867 3401 liquentis

348 3413 760 3486 Lucentemque
787 3417 1011 3486 globum
1035 3417 1226 3477 Lunae
1249 3418 1573 3488 Titaniaque
1598 3423 1749 3474 astra

347 3500 586 3568 Spiritus
611 3503 763 3556 intus
785 3503 900 3572 alit,
927 3509 1213 3575 totamque
1237 3505 1423 3560 infusa
1448 3521 1547 3575 per
1572 3510 1727 3600 221·th

2282 375 2385 426 690

2282 807 2385 858 695

2282 1673 2381 1728 705

2280 2114 2385 2172 ⁷10

2276 2549 2380 2607 ⁷15

2276 2982 2379 3038 '720

2274 3417 2376 3473 '125
