2725 3892
978 149 1253 202 vamum
1297 149 1630 202 ammos
1675 149 1764 200 IV.

358 310 577 367 Nubila.
654 310 879 382 Iamque
904 311 1099 366 volana
1120 311 1331 380 apicem
1360 315 1418 365 et
1439 309 1618 366 latera
1641 310 1814 366 ardua
1835 309 2016 366 cernit

355 397 603 454 Atlantia
628 397 767 468 duri,
796 396 1007 452 caelum
1034 399 1131 466 qni
1158 398 1363 454 vertice
1389 397 1562 465 fulcit,

357 485 619 554 Atlantia,
647 484 889 540 cinctum
914 483 1139 538 adsidue
1164 484 1255 540 cui
1280 485 1524 540 nubibus
1545 485 1683 540 atria

356 570 665 626 Piniterum
690 575 857 639 caput
881 581 937 624 et
962 579 1131 624 vento
1150 570 1402 640 pulsatur
1426 576 1485 626 et
1506 571 1701 639 imbri3

358 656 469 712 Nix
493 673 714 712 umeros
736 657 925 711 intusa
946 657 1117 726 tegit3
1158 662 1277 711 tum
1304 656 1534 712 flumina
1559 662 1750 712 mento

332 739 345 748 '
358 744 735 814 Praecipitant
758 744 919 812 aenis,
950 749 1007 799 et
1029 743 1205 812 glacie
1228 744 1372 812 riget
1395 743 1624 800 horrida
1648 745 1836 802 barba.

360 831 465 886 Hie
488 831 725 900 primum
753 831 977 901 paribus
1000 831 1184 886 nitens
1209 829 1494 898 Cyllenius
1517 830 1620 886 alis

357 917 649 985 Constitit3
690 917 821 971 hinc
847 921 967 972 toto
991 933 1259 987 praeceps
1280 933 1341 973 ee
1365 931 1600 985 corpore
1623 916 1696 972 ad
1720 916 1900 974 undas

356 1003 522 1073 Misit,
550 1004 639 1059 avi
662 1004 870 1073 similia,
898 1019 1039 1072 quae
1064 1003 1269 1058 circum
1300 1001 1484 1072 litora,
1511 1004 1720 1060 cimam

355 1091 607 1146 Piscosoa
630 1089 887 1159 scopulos
912 1089 1133 1144 humilia
1158 1088 1313 1144 volat
1336 1105 1578 1158 aequora
1600 1090 1772 1146 iuxta.

356 1177 520 1234 Haud
546 1177 709 1234 aliter
730 1183 909 1232 terras
932 1177 1079 1231 inter
1102 1175 1426 1247 caelumque
1450 1175 1676 1232 volabat

357 1265 514 1320 Litus
536 1265 869 1320 harenosum
892 1263 963 1318 ad
987 1262 1209 1332 Libyae,
1239 1269 1542 1333 ventosque
1567 1265 1792 1320 secabat

358 1351 609 1407 Materno
633 1351 863 1406 veniens
888 1350 957 1404 ab
984 1367 1090 1405 avo
1116 1349 1368 1418 Cyllenia
1391 1350 1591 1419 proles.

358 1438 436 1492 Ut
459 1439 699 1507 primum
723 1437 883 1491 alatis
906 1436 1091 1504 tetigit
1112 1436 1353 1504 magalia
1373 1436 1592 1505 plantis,

358 1526 589 1579 Aenean
610 1523 932 1578 fundantem
956 1540 1111 1579 arces
1134 1539 1199 1580 ac
1224 1529 1375 1580 tecta
1399 1530 1697 1580 novantem

359 1611 670 1680 Conspicit3
714 1617 881 1680 atque
904 1609 987 1664 ini
1012 1609 1261 1665 stellatus
1294 1610 1504 1679 iaspide
1529 1611 1686 1667 fulva

356 1697 519 1751 Ensis
545 1701 683 1766 erat,
712 1697 989 1766 Tyrioque
1014 1697 1246 1752 ardebat
1269 1697 1480 1752 murice
1505 1697 1667 1754 laena

357 1785 607 1839 Demisaa
631 1801 698 1838 ex
722 1784 940 1853 umeris,
962 1783 1119 1839 dives
1142 1799 1283 1854 quae
1306 1799 1540 1840 munera
1561 1784 1708 1839 Dido

358 1871 589 1925 Fecerat
614 1875 671 1925 et
696 1871 849 1924 tenui
875 1870 1015 1926 telae
1039 1870 1379 1926 discreverat
1402 1887 1554 1927 auro·

358 1958 639 2014 Continuo
664 1957 905 2014 invadit:
950 1959 985 1988 ‘⁴
1004 1957 1087 2012 Tu
1110 1974 1259 2012 nunc
1284 1956 1642 2027 Karthaginis
1665 1957 1812 2014 altae

356 2045 741 2101 Fundamenta
763 2044 925 2108 locaa.
952 2043 1351 2114 pulchramque
1380 2046 1612 2100 uxorius
1633 2046 1830 2100 urbem

356 2131 645 2188 Emi-nis?
683 2133 791 2186 heu
816 2131 971 2201 regni
997 2147 1291 2202 rerumque
1316 2131 1490 2190 oblite
1513 2137 1732 2186 tuarum
1753 2133 1768 2186 1

359 2219 483 2288 Ipse
506 2219 671 2274 deum
698 2219 801 2272 tibi
824 2235 915 2272 me
938 2217 1093 2274 claro
1117 2217 1363 2273 demittit
1388 2217 1630 2288 Olympo

358 2304 657 2376 Regnator,
685 2305 897 2360 caelum
924 2309 983 2359 et
1006 2310 1183 2361 terras
1208 2305 1303 2376 qui
1326 2305 1560 2360 numine
1581 2311 1837 2376 torquet3

358 2391 483 2462 Ipse
504 2392 643 2448 haee
666 2393 815 2448 terre
838 2393 997 2448 iubet
1020 2392 1215 2448 celeria
1236 2391 1502 2448 mandata
1523 2409 1622 2463 per
1645 2409 1834 2450 auras:

360 2477 507 2546 Quid
530 2479 711 2548 ati-uis,
739 2484 836 2534 ant
860 2496 967 2550 qua
990 2495 1086 2549 epe
1112 2478 1335 2548 Libycis
1358 2479 1495 2534 teris
1517 2479 1634 2536 otia
1657 2479 1860 2536 terrici

358 2565 419 2622 Si
440 2571 499 2622 te
523 2565 673 2622 nulla
693 2571 883 2622 movet
908 2571 1191 2622 tantarum
1216 2565 1398 2635 gloria
1417 2581 1604 2621 rernm

358 2652 479 2708 Neo
502 2670 668 2724 anper
690 2653 809 2723 ipae
832 2659 931 2708 tua
952 2652 1167 2708 moliris
1192 2652 1355 2708 laude
1379 2652 1644 2722 laborem,

358 2740 661 2796 Ascanium
684 2743 1003 2809 surgentem
1028 2743 1086 2794 et
1108 2757 1234 2810 epea
1260 2737 1480 2795 heredia
1501 2739 1610 2794 Iuli

358 2825 608 2898 Respice,
636 2825 725 2881 cui
750 2843 981 2896 regnum
1005 2825 1201 2882 Italiae
1224 2825 1586 2896 Romanaque
1612 2825 1778 2882 tellus

360 2913 703 2970 Debentur.”
776 2913 895 2968 Tali
922 2912 1206 2981 cyllenius
1230 2929 1329 2968 ore
1350 2913 1570 2968 loeutus

358 2999 611 3057 Mortalis
636 3000 785 3056 visua
806 2999 992 3056 medio
1016 3016 1271 3056 sermone
1296 2999 1534 3070 reliquit,

358 3087 433 3142 Et
455 3087 643 3157 procul
669 3089 727 3142 in
752 3091 975 3142 tenuem
1000 3102 1071 3142 ex
1096 3085 1271 3142 oculis
1294 3087 1522 3142 evannit
1547 3103 1756 3143 antam.

432 3175 511 3228 At
535 3189 669 3228 vero
695 3174 914 3228 Aeneas
937 3178 1161 3242 aspectu
1188 3173 1470 3227 obmutuit
1493 3187 1700 3240 amens,

368 3261 735 3329 Arrectaeque
752 3259 985 3315 horrore
1008 3276 1215 3328 comae,
1244 3265 1303 3314 et
1328 3276 1437 3312 vox
1461 3259 1713 3316 faucibus
1736 3258 1934 3318 haesit.

364 3347 541 3402 Ardet
562 3345 715 3400 abire
738 3345 869 3416 fuga
890 3345 1173 3415 dulcisque
1198 3345 1510 3416 relinquere
1533 3351 1726 3414 terras,

364 3431 655 3488 Attonitus
676 3435 837 3487 tanto
859 3432 1073 3486 monitu
1098 3431 1442 3500 imperioque
1467 3429 1714 3486 deorum.

2285 1528 2390 1582 2⁶0

2285 1963 2390 2015 266

2288 2393 2390 2452 270

2289 2825 2393 2884 2⁷5
