2725 3892
985 201 1262 252 VERGM
1303 203 1635 258 Amnmos
1679 209 1768 261 VI.

363 353 567 410 Saxum
591 357 788 428 ingens
812 359 1044 415 volvunt
1067 362 1175 432 alii,
1203 364 1479 436 radiisque
1502 373 1750 424 rotarum

361 440 616 497 Districti
638 445 908 514 pendent;
948 448 1122 518 sedet,
1147 443 1545 522 aeternumque
1566 457 1796 528 sedebit,

361 527 560 583 Infelix
585 529 854 601 Theseus;
895 533 1281 606 Phlegyasque
1305 539 1642 597 miserrimus
1666 547 1847 618 omnis

361 615 646 671 Admonet
669 623 726 672 et
749 636 951 691 magns.
974 626 1210 678 testatur
1236 641 1373 680 voce
1400 643 1497 695 per
1522 630 1775 686 umbras:
1850 671 1857 676 -

363 706 398 733 ‘⁸
414 702 624 756 Discite
649 705 914 760 iustitiam
949 710 1164 779 moniti,
1193 717 1252 764 et
1275 727 1389 766 non
1414 719 1663 771 temnere
1688 717 1903 775 divos.”

361 781 632 838 Vendidit
655 783 746 839 hio
771 803 907 841 suro
931 790 1180 859 patriam,
1209 790 1606 864 dominumque
1629 805 1915 867 potentem

359 869 660 940 Imposuit;
702 871 826 927 fixit
847 873 998 944 leges
1020 878 1202 945 pretio
1229 884 1395 948 atque
1422 882 1635 951 refixit3

361 957 466 1012 Hic
489 958 792 1013 thalamum
818 961 1022 1018 invasit
1045 969 1208 1021 natae
1235 971 1545 1042 vetitosque
1567 974 1934 1043 hymenaeon

361 1044 496 1098 Ausi
524 1060 716 1099 omnes
737 1046 978 1102 immane
1001 1051 1168 1119 nefas,
1203 1070 1447 1126 ausoque
1472 1061 1652 1128 potiti.

358 1131 503 1198 Non,
533 1130 669 1185 mihi
695 1132 742 1185 si
765 1132 986 1204 linguae
1015 1146 1238 1196 centum
1265 1144 1379 1198 sint
1402 1163 1609 1217 oraque
1632 1155 1871 1217 centum,

357 1219 561 1274 Ferrea
585 1237 709 1292 vox,
739 1225 918 1278 omnis
943 1228 1210 1284 scelerum
1239 1235 1639 1302 comprendere
1674 1238 1896 1304 formas,

357 1305 560 1361 Omnia
583 1324 886 1377 poenarum
911 1330 1236 1382 percurrere
1261 1322 1491 1375 nomina
1513 1323 1777 1390 possim.”

426 1394 580 1450 Haec
605 1395 696 1450 ubi
723 1396 874 1452 dicta
895 1400 1052 1456 dedit
1075 1404 1288 1460 Phoebi
1314 1407 1584 1476 longaeva
1606 1411 1895 1466 sacerdos:

359 1483 392 1512 ‘⁴
411 1481 518 1537 Sed
540 1483 652 1538 iam
679 1502 795 1554 age,
825 1505 990 1558 carpe
1015 1492 1160 1546 viem
1189 1499 1246 1546 et
1269 1501 1587 1564 susceptum
1612 1498 1815 1565 perfice
1838 1515 2073 1566 munus:

357 1571 748 1627 Acceleremus
769 1573 802 1603 '²
828 1577 936 1631 ait:
981 1581 1015 1608 ‘⁶
1032 1579 1336 1649 Cyclopum
1361 1581 1563 1637 educta
1586 1585 1815 1639 caminis

327 1657 332 1662 ’
353 1655 574 1712 Moenia
597 1661 876 1728 conspicio
901 1669 1066 1734 etque
1089 1667 1320 1722 adverso
1343 1670 1563 1724 fornice
1586 1677 1793 1739 portas,

353 1741 505 1796 Haec
529 1743 625 1797 ubi
650 1761 754 1800 nos
777 1757 1074 1820 praecepte
1098 1752 1294 1807 iubent
1319 1754 1599 1823 deponere
1624 1755 1826 1811 dona.”

353 1829 599 1899 Dixerat,
629 1839 688 1887 et
711 1835 930 1904 pariter,
960 1841 1132 1906 gressi
1157 1855 1258 1908 per
1283 1856 1459 1908 opaca
1484 1842 1714 1912 viarum,

353 1916 674 1988 Corripiunt
698 1921 935 1989 spatium
958 1924 1216 1994 medium,
1247 1927 1573 1998 foribusque
1596 1933 1987 2002 propinquant.

352 2003 604 2074 Occupat
629 2006 848 2064 Aeneas
870 2011 1096 2079 aditum,
1127 2029 1435 2084 corpusque
1460 2018 1671 2071 recenti

351 2093 573 2165 Spargit
598 2114 754 2166 aqua,
783 2114 1106 2168 ramumque
1135 2100 1366 2156 adverso
1390 2102 1449 2156 in
1475 2103 1665 2158 limine
1689 2104 1825 2173 figit.

321 2179 362 2218 ’ὰ
422 2181 525 2236 His
549 2183 770 2238 demum
797 2185 1018 2254 exactis,
1047 2189 1300 2256 perfecto
1323 2205 1553 2244 munere
1576 2191 1751 2259 divae,

351 2267 638 2325 Devenere
663 2271 812 2326 locos
835 2271 1012 2327 laetos
1040 2280 1098 2329 et
1121 2291 1354 2331 amoena
1380 2278 1590 2332 virecta

349 2355 394 2408 F
396 2361 777 2412 ortunatorum
807 2375 1096 2414 nemorum
1123 2363 1389 2432 sedesque
1415 2364 1617 2418 beatus.

351 2444 578 2516 Largior
602 2450 694 2506 hic
718 2468 942 2521 campos
969 2451 1160 2505 aether
1187 2455 1244 2502 et
1267 2449 1477 2503 lumine
1502 2453 1672 2504 vestit

347 2532 651 2606 Pul-putee,
681 2539 964 2607 solemque
989 2553 1164 2602 suum,
1197 2551 1296 2588 sua
1321 2535 1503 2590 sidera
1526 2543 1747 2592 norunt.

347 2619 486 2674 Pars
507 2623 568 2676 in
592 2625 884 2692 gramineis
910 2629 1169 2678 exercent
1197 2623 1449 2677 membra
1472 2622 1771 2690 palaestris,

347 2705 708 2764 Contendunt
729 2710 862 2765 ludo
887 2717 944 2766 et
967 2710 1120 2765 fulva
1147 2709 1431 2762 luctantur
1454 2708 1694 2776 harena3

345 2797 481 2854 Pars
505 2801 735 2868 pedibus
758 2800 1028 2870 plaudunt
1054 2801 1284 2857 choreas
1314 2802 1373 2850 01²
1398 2797 1641 2850 carmina
1666 2797 1873 2852 dieunt·-

346 2883 398 2938 N
402 2902 465 2940 ec
489 2903 599 2940 non
627 2885 909 2940 Threicius
932 2886 1097 2955 longa
1122 2904 1243 2942 cum
1276 2891 1431 2941 veste
1458 2883 1714 2940 sacerdos

346 2971 680 3042 Obloquitur
701 2974 946 3026 numeris
969 2979 1180 3042 septem
1209 2969 1529 3028 discrimina
1553 2989 1769 3038 vocum,

345 3057 567 3128 Iamque
591 3058 782 3112 eadem
809 3058 1010 3126 digitis,
1038 3060 1146 3114 iam
1173 3060 1392 3128 pectine
1416 3060 1601 3130 pulsat
1624 3061 1851 3116 eburno.

345 3143 451 3199 Hic
476 3161 650 3214 genus
673 3147 957 3214 antiquum
985 3147 1197 3214 Teucri,
1226 3147 1601 3216 pulcherrima
1628 3150 1826 3219 proles,

341 3229 680 3300 Magnanimi
704 3231 916 3302 heroes,
943 3233 1063 3288 neti
1081 3235 1402 3290 melioribus
1427 3238 1600 3303 annis,

341 3317 562 3388 Ilusque
585 3321 995 3390 Assaracusque
1020 3327 1076 3376 et
1101 3321 1294 3376 Troiae
1319 3309 1615 3378 Dardanus
1638 3329 1847 3378 auctor.

343 3406 520 3461 Arme
543 3406 736 3476 procul
758 3423 1060 3478 currusque
1085 3410 1264 3464 virum
1291 3411 1527 3466 miratur
1548 3411 1747 3467 inanis.

341 3489 506 3546 Stant
529 3497 680 3550 terra
701 3491 914 3550 defixae
937 3495 1144 3566 hastae,
1173 3499 1484 3569 passimque
1510 3498 1677 3554 soluti

2292 733 2396 782 620

2291 1159 2391 1209 625

2287 1593 2389 1643 680

2282 2025 2385 2076 685

2281 2461 2383 2510 640

2274 3329 2377 3378 650
