2725 3892
935 187 1212 240 VERGILI
1258 185 1636 238 GnoRGmoN
1681 185 1721 237 1.

222 413 239 428 ,
310 347 453 406 Nam
480 365 660 420 neque
684 355 805 404 tum
830 349 1005 416 stellis
1028 350 1173 404 acies
1196 349 1438 404 obtunsa
1458 347 1698 417 videtur,

309 435 431 490 Nec
455 436 643 490 fratris
666 435 837 490 radiis
861 436 1103 502 obnogia
1126 451 1351 504 surgere
1375 434 1546 498 Luna

309 522 517 577 Tenuia
542 538 645 576 nec
666 521 825 577 lanae
852 539 951 592 per
976 522 1190 577 caelum
1218 521 1424 576 vellera
1449 521 1617 588 ferri3

310 608 440 663 Non
464 609 713 678 tepidum
740 609 811 662 ad
838 609 1009 663 solem
1036 623 1246 680 pennas
1272 609 1331 661 in
1353 607 1521 662 litore
1545 607 1800 676 pandunt

310 695 561 750 Dilectae
586 695 807 750 Thetidi
832 696 1105 764 alcyones,
1134 711 1251 750 non
1276 710 1374 749 ore
1399 694 1609 748 solutos

310 781 589 837 Immundi
612 783 913 836 meminere
939 799 1065 836 sues
1087 783 1295 836 iactare
1318 780 1608 851 maniplos.

310 869 393 922 At
416 869 652 923 nebulae
678 870 851 937 magis
874 869 989 923 ima
1010 875 1207 940 petunt
1242 884 1550 938 campoque
1575 868 1921 936 recumbunt,

311 953 457 1006 Solis
482 957 539 1007 et
562 969 818 1008 occasum
844 970 1071 1008 servans
1096 954 1166 1008 de
1192 953 1432 1008 culmine
1457 969 1673 1007 summo

310 1038 663 1109 Nequiquam
688 1057 839 1095 seros
864 1045 1086 1096 exercet
1108 1045 1312 1110 no-cjua
1334 1049 1547 1094 cantus,

312 1126 565 1196 Apparet
588 1127 799 1196 liquido
825 1126 1071 1182 sublimis
1094 1127 1155 1180 in
1179 1133 1305 1181 aere
1332 1125 1516 1194 Nisus,

310 1211 385 1267 Et
408 1229 511 1283 pro
537 1230 817 1284 purpureo
840 1231 1050 1285 poenas
1074 1215 1171 1269 dat
1196 1213 1380 1282 Scylla
1403 1213 1634 1284 capillo:

310 1298 672 1370 Quacumque
694 1300 791 1356 illa
811 1301 990 1356 levem
1014 1300 1233 1370 fugiens
1258 1307 1410 1355 secat
1433 1299 1662 1355 aethera
1683 1298 1899 1370 pennis,

312 1386 455 1442 Ecce
478 1388 749 1457 inimicus,
779 1395 956 1457 atrox,
986 1403 1189 1457 magno
1212 1387 1450 1442 stridore
1475 1402 1576 1456 per
1601 1402 1764 1441 auras

312 1473 627 1543 Insequitur
652 1473 703 1528 N
708 1475 821 1529 isus
841 1494 855 1540 ;
897 1491 1003 1544 qua
1027 1491 1087 1529 se
1110 1475 1221 1528 fert
1242 1473 1413 1528 Nisus
1437 1473 1507 1528 ad
1533 1489 1710 1540 auras,

314 1560 416 1615 Illa
438 1561 613 1615 levem
640 1561 856 1630 fugiens
880 1563 1085 1630 raptim
1110 1567 1258 1617 secat
1282 1561 1508 1616 aethera
1531 1559 1748 1631 pennis.

313 1647 355 1700 T
362 1664 451 1700 um
478 1647 711 1717 liquidas
736 1650 891 1702 corvi
916 1665 1105 1717 presso
1130 1655 1219 1702 ter
1242 1653 1468 1718 gutture
1495 1663 1656 1702 voces

316 1734 431 1786 Aut
458 1741 652 1802 quater
676 1734 1035 1804 ingeminant,
1066 1739 1123 1789 et
1147 1751 1311 1804 saepe
1342 1735 1614 1789 cubilibus
1641 1733 1780 1802 altis,

316 1818 518 1874 Nescio
543 1836 650 1889 qua
675 1829 895 1890 praeter
920 1821 1139 1876 solitum
1164 1821 1459 1876 dulcedine
1493 1820 1642 1890 laeti,

316 1905 469 1959 Inter
492 1923 551 1960 se
576 1907 633 1960 in
659 1908 810 1962 soliis
834 1909 1156 1978 strepitant;
1195 1909 1351 1964 iuvat
1377 1909 1647 1963 imbribus
1669 1907 1808 1963 actis

314 1993 643 2062 Progeniem
668 2011 897 2064 parvam
922 1995 1206 2066 dulcisque
1230 1997 1470 2051 revisere
1495 1997 1686 2052 nidos:

315 2081 494 2151 Haud,
522 2083 776 2153 equidem
801 2083 984 2152 credo,
1014 2083 1143 2153 quia
1168 2084 1241 2138 sit
1266 2083 1536 2138 divinitus
1561 2083 1671 2139 illis

314 2167 605 2236 Ingenium
630 2176 727 2224 aut
762 2187 947 2224 rerum
972 2171 1090 2225 fato
1114 2171 1410 2239 prudentia
1435 2171 1640 2235 maior;

316 2253 545 2324 Verum,
575 2256 670 2310 ubi
695 2262 999 2325 tempestas
1020 2263 1077 2310 et
1100 2256 1241 2310 caeli
1266 2257 1488 2311 mobilis
1511 2274 1674 2312 umor

314 2340 603 2396 Mutavere
626 2342 745 2396 vias
768 2347 827 2397 et
850 2341 1101 2412 Iuppiter
1138 2342 1337 2396 uvidus
1361 2343 1564 2397 austris

314 2427 541 2496 Denset,
570 2433 729 2483 erant
754 2445 893 2498 quae
918 2443 1045 2482 rara
1066 2428 1251 2495 mode,
1280 2435 1353 2496 et,
1383 2443 1524 2500 quae
1549 2429 1736 2496 densa,
1766 2429 1998 2497 relaxat,

316 2515 631 2571 Vertuntur
655 2515 865 2585 species
889 2515 1215 2584 animorum,
1246 2521 1301 2571 et
1327 2521 1558 2585 pectora
1579 2512 1764 2570 motus

314 2603 479 2658 Nunc
504 2602 655 2668 alios,
684 2601 837 2672 alios,
866 2601 999 2656 dum
1026 2601 1217 2658 nubila
1236 2613 1442 2658 ventus
1465 2603 1678 2673 agebat,

314 2689 677 2760 concipiunt:
716 2689 847 2744 hinc
870 2687 966 2744 ille
990 2689 1177 2744 avium
1202 2697 1508 2746 concentus
1537 2689 1594 2744 in
1621 2689 1784 2759 agris,

312 2775 387 2832 Et
410 2776 589 2832 laetae
612 2775 867 2846 pecudes,
896 2780 954 2831 et
978 2781 1209 2832 ovantes
1232 2782 1459 2845 gutture
1483 2776 1656 2832 corvi.

384 2863 445 2918 Si
474 2879 605 2918 vero
630 2862 801 2918 solem
827 2863 897 2918 ad
920 2863 1177 2933 rapidum
1200 2863 1469 2933 lunasque
1491 2861 1774 2933 coquentis

314 2951 529 3008 Ordine
549 2951 825 3022 respicies,
854 2967 1157 3020 numquam
1184 2955 1241 3004 te
1264 2949 1504 3004 crastina
1525 2949 1682 3004 fallet

316 3040 485 3108 Hora,
514 3053 693 3109 neque
714 3038 931 3093 insidiis
954 3038 1138 3092 noctis
1161 3038 1377 3105 capiere
1401 3051 1644 3092 serenae.

314 3125 485 3192 Luna,
516 3125 846 3180 revertentis
870 3141 995 3180 cum
1022 3125 1259 3194 primum
1284 3123 1494 3193 colligit
1516 3123 1678 3193 ignis,

315 3213 373 3268 Si
400 3213 619 3282 nigrum
646 3212 881 3267 obscuro
906 3211 1319 3281 comprenderit
1340 3217 1471 3265 aera
1494 3227 1686 3278 cornu,

316 3299 587 3353 Maximus
611 3298 863 3368 agricolis
890 3298 1195 3370 pelagoque
1216 3298 1504 3368 parabitur
1533 3297 1745 3365 imber3

321 3387 398 3438 At
422 3386 465 3438 si
492 3383 799 3454 virgineum
827 3385 1120 3440 suffuderit
1144 3401 1240 3440 ore
1265 3385 1542 3452 ruborem,

319 3467 537 3524 Ventus
560 3471 699 3536 erit3
740 3475 911 3526 vento
932 3487 1151 3540 semper
1176 3471 1339 3526 rubet
1361 3487 1531 3528 aurea
1555 3471 1794 3527 Phoebe.

2243 347 2350 401 805

2243 1649 2352 1702 410

2245 2084 2350 2136 415

2245 2517 2352 2571 420

2245 2951 2350 3006 425

2243 3388 2350 3439 480
