2725 3892
1002 172 1275 223 VERGILI
1318 172 1650 223 AENEIDOS
1690 172 1806 223 ΧΠ.

724 269 831 317 V.

390 334 437 387 11
446 339 565 389 aeta
586 348 757 401 meos,
784 349 931 387 nunc
952 336 1173 401 tempus
1196 334 1384 400 adest3
1427 340 1484 387 te
1507 334 1780 389 maximus
1803 333 1998 403 Actor,

387 420 465 475 Te
485 420 659 474 Turni
681 436 831 474 nunc
856 419 1053 473 dextra
1074 420 1249 488 gerit:
1290 421 1361 475 da
1385 426 1632 476 sternere
1657 437 1860 491 cot-pua

386 507 748 577 Loricamque
771 523 939 561 manu
964 506 1145 561 valida
1167 506 1410 561 lacerare
1435 507 1710 563 revulsam

388 593 640 647 Semiviri
666 594 916 661 Phrygis,
944 598 1003 648 et
1024 593 1247 648 foedare
1273 594 1331 647 in
1358 594 1586 662 pulvere
1611 595 1781 649 crinis

389 679 653 734 Vibi-atos
678 678 857 733 calido
881 678 1029 733 ferro
1054 695 1349 748 murraque
1369 680 1695 735 madentis.”

388 766 489 821 His
514 768 695 835 agitur
718 766 889 831 furiis,
919 771 1149 835 totoque
1175 766 1422 821 ardentis
1445 768 1516 821 ab
1541 785 1640 823 ore

388 852 669 907 Scintillae
692 853 999 919 absistunt,
982 870 996 883 ·
1036 852 1210 907 oculis
1232 854 1406 909 micat
1428 856 1646 911 acribus
1669 858 1829 927 ignia.

386 940 629 1011 Mugitus
654 940 827 995 veluti
850 956 975 995 cum
1001 940 1181 1009 prima
1202 940 1261 995 in
1284 942 1496 1011 proelia
1519 948 1708 999 taurus

388 1028 675 1105 Terrificoe
700 1028 808 1081 ciet
833 1032 999 1096 atque
1023 1026 1186 1081 irasci
1209 1028 1268 1081 iu
1293 1046 1504 1085 cornua
1526 1038 1776 1101 temptat,

390 1107 625 1174 Arboris
647 1118 881 1172 obnixus
904 1124 1123 1187 truncO,
1153 1126 1456 1189 ventoaque
1479 1120 1698 1175 lacessit

384 1208 674 1331 ὖιὶἱιιιε,
638 1216 737 1261 aut
758 1224 946 1276 sparsa
972 1206 1041 1260 ad
1070 1224 1313 1276 pugnam
1338 1207 1588 1277 proludit
1611 1208 1835 1263 harena.

460 1294 579 1349 Nec
602 1295 786 1349 minus
808 1282 1019 1348 interea
1042 1295 1309 1349 maternis
1332 1312 1530 1349 saevus
1551 1295 1610 1349 in
1635 1296 1802 1349 armis

388 1383 609 1439 Aeneas
633 1384 783 1438 acuit
806 1380 1043 1436 Martem
1070 1388 1127 1435 et
1152 1400 1211 1436 ae
1236 1384 1467 1437 suscitat
1489 1383 1588 1449 ira,

389 1472 590 1527 Oblato
614 1470 859 1540 gaudena
884 1472 1141 1539 componi
1166 1470 1396 1525 foedere
1418 1470 1640 1525 bellum.

387 1560 529 1615 Tum
552 1560 731 1615 aooioa
755 1560 1061 1629 maestique
1086 1562 1297 1612 metum
1326 1556 1534 1611 solatur
1557 1556 1680 1624 Iuli,

388 1646 527 1703 Fata
548 1649 769 1715 decena,
798 1646 1025 1715 regique
1050 1646 1207 1723 iubet
1232 1660 1498 1713 responsa
1523 1644 1722 1698 Latino

389 1734 557 1790 Certa
576 1736 791 1789 referre
812 1735 981 1795 viros,
1010 1740 1069 1787 et
1094 1732 1247 1801 pacia
1272 1732 1458 1786 dicere
1479 1732 1646 1800 leges.

456 1822 688 1879 Postera
714 1823 804 1877 vix
830 1837 1077 1875 summos
1102 1820 1396 1890 spargebat
1419 1819 1626 1873 lumine
1647 1820 1858 1873 montis

388 1910 527 1965 Orta
548 1910 683 1985 diea,¹
711 1926 835 1965 cum
860 1909 1101 1979 primum
1128 1907 1242 1961 alto
1268 1924 1327 1961 ae
1350 1907 1566 1979 gurgite
1591 1905 1796 1961 tollunt

388 1996 529 2050 Solia
552 1998 691 2081 equi,
719 1996 1005 2064 lucemque
1034 1990 1446 2071 Quaribua
1469 1992 1686 2047 efflant·

390 2082 657 2151 Campum
682 2082 751 2137 ad
777 2087 1057 2137 certamen
1084 2098 1315 2149 magnae
1340 2081 1444 2135 aub
1467 2081 1760 2135 moenibus
1783 2080 1936 2133 urbia

386 2166 639 2221 Dimensi
663 2168 961 2238 Rutulique
988 2168 1094 2220 viri
1120 2166 1424 2236 Teucrique
1449 2167 1738 2236 parabant,

388 2253 456 2307 In
479 2254 769 2325 medioque
794 2255 949 2309 focos
972 2259 1031 2309 et
1054 2254 1139 2307 die
1166 2254 1552 2308 communibus
1575 2270 1700 2307 aras

388 2342 747 2409 Gramineaa3
788 2342 881 2396 alii
906 2342 1231 2411 fontemque
1256 2344 1550 2411 ignemque
1573 2340 1847 2405 ferebant,

388 2428 575 2494 Velati
600 2430 747 2521 lime,
780 2434 837 2483 et
862 2428 1103 2501 verbena
1128 2434 1382 2498 tempora
1407 2428 1594 2483 vincti.

386 2514 645 2571 Procedit
668 2490 813 2585 l'egio
837 2514 1204 2581 Ausonidum,
1234 2516 1510 2584 pilataque
1535 2515 1712 2585 plenia

386 2602 627 2669 Agmina
650 2618 707 2657 ae
730 2603 975 2657 fundunt
998 2602 1190 2672 portis.
1266 2602 1412 2656 Hine
1437 2599 1630 2656 Troiua
1653 2602 1834 2656 omnia

382 2686 805 2760 Tyrrhenusque
829 2690 944 2744 ruit
967 2690 1137 2745 variis
1162 2688 1440 2743 exercitus
1465 2688 1652 2757 armis,

384 2772 547 2829 Haud
571 2792 728 2830 aecus
750 2776 1009 2831 instructi
1035 2766 1199 2843 feri-o,
1230 2790 1394 2845 quam
1421 2776 1470 2829 ai
1495 2790 1692 2843 aspera
1714 2774 1908 2831 Martia

384 2859 577 2930 Pugna
600 2868 778 2917 vocet.
853 2862 975 2917 Nec
1000 2878 1115 2917 non
1138 2862 1337 2917 mediis
1360 2861 1420 2914 in
1441 2860 1668 2915 milibus
1689 2861 1794 2930 ipai

381 2946 657 3003 Ductores
680 2965 817 3003 auro
841 2950 1081 3004 volitant
1107 2954 1372 3018 ostroque
1395 2948 1632 3017 superbi,

381 3032 455 3089 Et
477 3049 649 3104 genua
674 3034 929 3089 Assaraci
954 3034 1289 3098 Mnestheus,
1316 3040 1376 3089 et
1399 3034 1564 3089 fortia
1587 3034 1786 3102 Asilas,

382 3118 455 3175 Et
473 3120 757 3191 Messapus
780 3138 981 3191 equum
1004 3120 1263 3189 domitor,
1292 3120 1580 3191 Neptunia
1601 3120 1800 3189 proles.

383 3205 567 3276 thue
592 3208 725 3262 dato
747 3208 907 3277 signo
937 3208 1115 3277 spatia
1136 3208 1197 3261 in
1222 3224 1321 3261 ena
1346 3208 1574 3276 quisque
1598 3207 1836 3275 recessit,

382 3290 648 3363 Defigunt
672 3295 855 3349 telluri
881 3294 1069 3349 hastae
1092 3300 1151 3349 et
1174 3300 1329 3349 scuta
1352 3293 1642 3347 reclinant.

382 3380 521 3435 Tum
548 3381 733 3436 studio
757 3382 967 3437 effusae
992 3386 1197 3436 matres
1220 3388 1279 3435 et
1300 3381 1499 3449 volgus
1523 3382 1798 3435 inermum

384 3466 725 3538 Invalidique
750 3484 907 3523 senes
929 3466 1099 3522 turris
1124 3472 1181 3521 et
1204 3472 1353 3523 tecta
1378 3467 1670 3521 domorum

2321 690 2424 741 100

2325 1122 2452 1175 105.

2325 1557 2427 1607 110

2325 1994 2426 2045 115

2323 2430 2425 2481 120

2317 2862 2418 2915 125

2315 3292 2418 3342 180
