2725 3892
317 2 2701 157 fi*

1047 255 1320 306 VERGILI
1368 256 1625 306 ECLOGA
1672 254 1737 308 11.

252 156 315 179 ne·—

379 416 471 473 Nil
495 416 670 471 nostri
697 416 992 471 miserere?
1031 418 1168 471 mori
1198 434 1288 471 me
1311 416 1551 487 denique
1574 436 1757 487 coges.

375 502 540 557 Nunc
565 502 731 557 etiam
758 502 998 572 pecudes
1021 503 1246 557 umbras
1271 508 1328 559 et
1351 504 1560 573 frigora
1583 510 1842 575 captant3

377 587 539 656 Nunc
565 588 756 643 viridis
780 590 950 644 etiam
975 590 1259 645 occultant
1283 590 1501 659 spineta
1522 580 1775 662 la'oertos,

375 674 648 741 Thestylis
671 678 730 729 et
754 674 948 745 rapido
973 676 1134 729 fessis
1160 676 1493 731 messoribus
1516 684 1671 731 aestu
1770 710 1791 731 .
2335 678 2397 729 10

375 760 526 815 Allia
549 760 958 831 serpyllumque
982 761 1184 817 herbas
1209 762 1505 817 contundit
1526 763 1746 819 olentis.

375 848 455 901 At
479 864 694 902 mecum
719 848 914 915 raucis,
945 852 1043 903 tna
1067 847 1198 902 dum
1227 849 1455 917 vestigia
1480 849 1669 919 lustro,

373 932 500 987 Sole
525 933 625 987 sub
651 933 868 988 ardenti
896 938 1160 989 resonant
1184 935 1410 989 arbusta
1432 935 1650 991 cicadis.

375 1018 702 1074 Nonne-suit
725 1022 912 1091 satius,
941 1021 1117 1075 tristis
1145 1022 1503 1090 Amaryllidis
1528 1024 1639 1077 iras
2014 1062 2101 1079 .....

375 1106 560 1175 Atque
585 1108 820 1176 superba
841 1108 956 1177 pati
985 1107 1238 1162 fastidia?
1279 1124 1465 1163 nonne
1492 1108 1795 1181 Menalcan,
2010 1122 2053 1161 :s
2083 1141 2109 1160 -.
2335 1108 2398 1159 15

373 1192 637 1257 Quamvis
661 1193 752 1247 ille
777 1194 950 1263 niger,
980 1194 1229 1263 quamvis
1253 1200 1313 1248 tn
1339 1195 1609 1250 candidus
1632 1198 1811 1252 esses?
2186 1220 2191 1223 ·

373 1278 422 1333 Ο
446 1280 685 1333 formose
709 1296 860 1349 puer,
887 1280 1118 1334 nimium
1144 1296 1216 1335 ne
1241 1280 1403 1335 crede
1430 1282 1629 1337 colori!

370 1363 516 1419 Alba
539 1364 772 1433 ligustra
795 1365 1014 1434 cadunt,
1043 1366 1292 1421 vaccinia
1317 1367 1474 1438 nigra
1497 1368 1771 1437 leguntur.
2096 1386 2143 1425 ι.

372 1451 676 1521 Despectus
699 1452 800 1507 tibi
827 1470 964 1521 sum,
991 1469 1112 1521 nec,
1141 1454 1233 1523 qui
1259 1454 1381 1522 sim,
1411 1454 1643 1524 quaeris,
1670 1454 1851 1523 Alexi,

371 1536 546 1603 Quam
573 1538 726 1592 dives
752 1540 980 1608 pecoris,
1008 1540 1156 1595 nivei
1183 1557 1344 1611 quam
1374 1541 1533 1597 lactis
1558 1540 1871 1605 abundans3
2332 1540 2402 1591 20

373 1624 522 1680 Mille
547 1642 700 1680 meae
726 1626 924 1681 Siculis
949 1633 1136 1681 errant
1159 1628 1216 1681 in
1245 1627 1527 1682 montibus
1551 1642 1753 1695 agna03
2064 1644 2093 1676 μ

369 1712 476 1767 Lac
501 1714 636 1766 mihi
663 1730 772 1767 non
801 1718 1012 1768 aestate
1036 1729 1260 1781 novum,
1287 1728 1401 1768 non
1426 1713 1633 1781 frigore
1658 1710 1807 1765 defit.

368 1799 562 1867 Caum,
594 1816 734 1868 quae
759 1800 966 1869 solitus,
995 1800 1042 1853 si
1067 1798 1284 1869 quando
1309 1802 1561 1853 armenta
1586 1796 1835 1864 vocabat,

369 1885 654 1955 Amphion
679 1885 944 1941 Dircaeus
968 1886 1026 1939 in
1054 1886 1264 1940 Actaeo
1287 1883 1632 1952 Aracyntho,

369 1972 485 2026 Nec
509 1990 628 2026 sum
657 1974 794 2027 adeo
820 1973 1102 2028 informis:
1143 1987 1317 2042 nuper
1341 1987 1431 2026 mc
1454 1970 1513 2027 in
1538 1970 1701 2027 litore
1727 1970 1855 2039 vidi,
2334 1972 2403 2025 25

367 2060 507 2113 Cum
532 2059 803 2128 placidum
835 2060 1011 2113 ventis
1037 2064 1209 2114 staret
1232 2075 1417 2127 mare;
1458 2075 1569 2113 non
1594 2075 1699 2129 ego
1724 2056 2019 2129 Daphnim,

368 2144 552 2199 Iudice
577 2151 650 2215 te,
677 2150 938 2211 metuam,
969 2146 1013 2200 si
1041 2162 1338 2215 numquam
1365 2145 1512 2201 fallit
1537 2145 1733 2216 image.

365 2231 414 2285 O
441 2238 658 2287 tantum
683 2232 854 2289 libeat
879 2248 1093 2287 mecum
1121 2232 1220 2287 tibi
1245 2232 1469 2288 sordida
1492 2250 1621 2289 rura

364 2319 550 2388 Atque
576 2318 799 2381 humilis
821 2318 1076 2373 habitare
1100 2334 1269 2385 casas,
1300 2326 1358 2372 et
1383 2318 1551 2386 figere
1575 2334 1781 2383 cervos,
2266 2382 2273 2387 ,

365 2404 791 2475 Haedorumque
815 2420 1035 2474 gregem
1063 2403 1226 2457 viridi
1251 2403 1583 2473 compellere
1604 2401 1847 2459 hibisco!
2334 2406 2405 2459 80

363 2578 480 2633 Pan
505 2580 714 2649 primus
737 2574 974 2632 calamos
999 2591 1125 2630 cera
1148 2576 1485 2645 coniungere
1508 2575 1682 2644 pluris

216 2650 241 2661 ’
269 2656 291 2669 *⁴
321 2670 329 2675 ’
363 2664 640 2733 Instituit3
680 2664 800 2717 Pan
825 2667 982 2717 curat
1007 2661 1124 2717 ovis
1149 2661 1445 2732 oviumque
1470 2662 1778 2731 magistros,

365 2752 482 2807 Nec
508 2761 564 2807 te
591 2750 868 2819 paeniteat
891 2748 1102 2803 calamo
1123 2748 1340 2803 trivisse
1364 2748 1655 2804 labellum:

361 2839 514 2893 Haec
537 2836 726 2891 eadem
751 2838 816 2889 ut
839 2835 1020 2901 sciret,
1049 2834 1182 2904 quid
1205 2852 1318 2891 non
1344 2834 1588 2891 faciebat
1614 2828 1921 2903 Amyntas?
2330 2839 2401 2891 85

361 2924 464 2979 Est
487 2922 620 2977 mihi
645 2921 953 2991 disparibus
976 2930 1184 2991 septem
1213 2927 1502 2991 compacta
1525 2921 1723 2977 cicutis

361 3010 586 3077 Fistula,
615 3008 916 3063 Damoetas
939 3008 1088 3063 dono
1113 3008 1248 3062 mihi
1277 3024 1443 3077 quam
1468 3008 1623 3063 dedit
1647 3007 1791 3073 olim,

359 3098 432 3150 Et
457 3096 599 3150 dixit
622 3094 892 3150 moriens:
939 3094 1062 3149 “Te
1086 3111 1235 3148 nunc
1261 3092 1431 3149 habet
1456 3095 1565 3149 ista
1588 3087 1945 3149 secundum.”

362 3184 516 3237 Dixit
539 3183 869 3249 Damoetas3
908 3180 1110 3235 invidit
1133 3180 1335 3235 stultus
1359 3180 1655 3248 Amyntas.

359 3270 652 3325 Praeterea
675 3269 802 3335 duo,
831 3284 934 3323 nec
956 3272 1082 3322 tuta
1103 3267 1240 3321 mihi
1268 3264 1411 3321 valle
1436 3267 1659 3335 reperti,
1912 3296 1915 3301 -
2328 3268 2398 3319 40

359 3356 627 3428 Capreoli,
655 3357 858 3427 sparsis
882 3356 1051 3411 etiam
1073 3370 1222 3409 nunc
1246 3352 1483 3423 pellibus
1506 3352 1651 3419 albe,

361 3442 500 3497 Bina
523 3442 612 3497 die
635 3444 846 3498 siccant
869 3443 990 3497 ovis
1013 3442 1214 3509 ubera3
1257 3456 1395 3511 quos
1419 3440 1525 3495 tibi
1546 3456 1727 3495 servo.

361 3524 470 3578 Iam
497 3528 711 3595 pridem
738 3546 770 3583 a
794 3545 882 3583 me
905 3528 1031 3583 illos
1057 3518 1629 3597 abducerc'Thestylis
1652 3533 1805 3595 orat3
