2725 3892
963 190 1240 241 VERGILI
1285 188 1617 241 ammos
1660 188 1774 241 111.

356 352 564 409 Vectus
590 370 730 423 equo
755 358 1048 423 spumante
1071 351 1252 421 Saces,
1283 351 1517 407 adversa
1538 352 1739 419 sagitta

351 440 580 495 Saucius
604 456 714 509 ora,
743 440 961 510 ruitque
985 439 1288 508 implorans
1313 439 1539 492 nomine
1564 438 1841 493 Tui-numa

355 530 390 558 ‘⁴
406 529 606 597 Turne,
633 529 690 581 in
718 533 775 581 te
799 542 1054 597 suprema
1077 526 1253 593 salus3
1295 526 1560 579 miserere
1583 530 1824 579 tuorum.

349 613 630 670 Fulminat
653 616 874 669 Aeneas
899 612 1084 681 armis,
1113 628 1465 681 summasque
1492 612 1737 665 minatur

348 701 704 757 Deiecturum
731 716 886 755 arces
908 698 1112 753 italum
1137 700 1493 769 exscidioque
1520 698 1809 766 daturum3

349 788 574 859 Iamque
595 790 744 842 faces
767 788 838 841 ad
863 792 1014 841 tecta
1038 776 1243 841 violant.
1321 785 1389 839 In
1414 792 1471 839 te
1496 802 1595 839 ora
1617 785 1816 853 Latini,

349 874 414 929 In
441 881 498 931 te
523 874 712 930 oculos
734 874 1020 941 referunt3
1061 880 1268 927 mussat
1291 888 1392 927 rex
1418 870 1535 941 ipse
1560 872 1802 945 Latinus.

349 961 498 1026 Quos
522 950 754 1030 gene‘ros
779 948 968 1031 vocet(
983 965 1080 1014 aut
1105 976 1244 1028 quae
1271 974 1391 1013 sese
1416 960 1489 1013 ad
1512 959 1743 1014 foedera
1765 958 1970 1015 flectat.

347 1048 644 1104 Praeterea
667 1048 871 1117 regina,
900 1048 981 1111 tui
1007 1038 1287 1121 fidissima,
1317 1045 1519 1101 dextra

349 1135 573 1192 Occidit
595 1137 716 1205 ipsa
737 1150 848 1203 sua,
877 1134 1166 1215 lucemque
1175 1120 1461 1188 ”exterrita
1484 1134 1643 1203 fugit.

349 1222 463 1277 Soli
486 1238 588 1293 pro
615 1222 792 1291 portis
813 1220 1096 1289 Messapus
1121 1227 1180 1274 et
1202 1236 1330 1275 acer
1357 1222 1557 1275 Atinas

349 1308 673 1364 Sustentant
701 1292 905 1375 aciem}
949 1307 1156 1362 circum
1183 1308 1286 1362 hos
1309 1310 1589 1377 utrimque
1613 1308 1915 1377 phalanges

347 1397 512 1452 Stant
535 1397 751 1465 densae,
781 1396 1094 1465 strictisque
1123 1412 1278 1463 seges
1301 1396 1661 1449 mucronibus
1684 1395 1879 1449 horret

349 1482 581 1539 Ferrea:
621 1488 682 1537 tu
709 1498 932 1537 currum
959 1482 1178 1537 deserto
1201 1484 1258 1535 in
1283 1482 1531 1551 gramine
1554 1480 1795 1536 versas.”

349 1570 633 1639 Obstipuit
651 1570 804 1625 varia
827 1571 1086 1624 confusus
1110 1570 1350 1637 imagine
1374 1552 1559 1623 rerum

348 1656 580 1727 Turnus,
609 1663 666 1712 et
690 1658 889 1713 obtutu
913 1658 1088 1712 tacito
1113 1658 1296 1720 stetit;
1337 1660 1555 1711 aestuat.
1570 1656 1767 1725 ingens

349 1744 474 1799 Uno
498 1746 557 1798 in
583 1744 746 1799 corde
771 1744 952 1815 pudor
977 1744 1264 1812 mixtoque
1289 1744 1505 1797 insania
1528 1744 1681 1799 luctu

347 1832 421 1886 Et
445 1831 600 1885 furiis
624 1832 861 1901 agitatus
887 1848 1040 1885 amor
1066 1837 1122 1884 et
1147 1832 1371 1885 conscia
1392 1831 1585 1885 virtus.

348 1920 426 1976 Ut
449 1922 690 1990 primum
717 1920 994 1975 discussae
1017 1920 1246 1973 umbrae
1273 1924 1329 1972 et
1353 1918 1449 1971 lux
1474 1916 1692 1973 reddita
1716 1918 1902 1987 menti,

349 2008 616 2063 Ardentis
641 2007 924 2063 oculorum
953 2007 1102 2062 orbis
1126 2006 1195 2060 ad
1221 2005 1441 2059 moenia
1466 2005 1629 2059 torsit

347 2094 637 2165 Turbidus,
667 2113 804 2165 eque
829 2096 968 2150 rotis
992 2110 1246 2162 magnam
1273 2092 1519 2161 respexit
1542 2092 1611 2145 ad
1634 2091 1845 2145 urbem.

347 2182 490 2239 Eooe
515 2190 714 2249 autem,
743 2183 980 2237 flammis
1003 2182 1150 2234 inter
1174 2179 1423 2234 tabulata
1448 2164 1669 2231 v'olutus

349 2270 438 2324 Ad
464 2271 676 2326 caelum
704 2269 946 2324 undabat
973 2272 1166 2321 vertex
1189 2267 1499 2334 turrimque
1524 2265 1767 2333 tenebat,

347 2360 580 2427 Turrim,
607 2356 910 2425 compactis
937 2353 1192 2408 trabibus
1217 2368 1381 2421 quam
1408 2351 1676 2405 eduxerat
1696 2350 1813 2418 ipse

347 2444 786 2513 Subdideratque
813 2448 961 2497 rotas
985 2440 1278 2509 pontisque
1303 2439 1637 2491 instraverat
1659 2436 1815 2490 altos.

351 2532 514 2587 “Iam
539 2534 649 2587 iam
675 2534 803 2599 fata,
831 2546 1004 2597 soror,
1035 2531 1302 2596 superant
1317 2544 1331 2592 3
1374 2525 1579 2579 absiste
1609 2523 1847 2584 morari:

349 2620 472 2685 Quo
497 2620 632 2673 deus
657 2625 712 2675 et
737 2635 845 2688 quo
871 2616 1012 2671 dura
1036 2619 1198 2669 vocat
1221 2610 1480 2676 Fortuna,
1509 2624 1813 2678 sequamur.

2040 952 2104 985 ‘ae

349 2706 470 2761 Stat
495 2708 752 2762 conferre
775 2720 996 2759 manum
1026 2702 1266 2766 Aeneae,
1296 2704 1422 2765 stat,
1452 2694 1715 2766 quidquid
1740 2694 1923 2749 acerbi
1948 2698 2046 2762 est,

347 2792 528 2847 Morte
551 2794 684 2863 pati,
715 2780 890 2861 neque
915 2806 1006 2845 me
1030 2789 1366 2851 indecorem,
1396 2800 1671 2855 germana,
1700 2780 1913 2837 videbis

348 2879 618 2948 Amplius.
697 2878 873 2948 Hunc,
904 2894 1020 2947 oro,
1049 2878 1167 2931 sine
1191 2892 1280 2929 me
1304 2876 1490 2929 furere
1516 2878 1644 2927 ante
1670 2867 1970 2923 furorem.”

345 2966 518 3029 Dixit,
547 2971 605 3020 et
629 2983 660 3020 e
685 2982 850 3021 curru
875 2965 1076 3019 saltum
1102 2963 1258 3017 dedit
1279 2963 1435 3017 ocius
1459 2960 1620 3027 arvis,

347 3052 561 3121 Perque
579 3052 768 3121 hostis,
795 3068 898 3121 per
920 3051 1033 3105 tela
1056 3050 1182 3121 ruit,
1211 3056 1585 3118 maestamque
1610 3062 1857 3101 sororem

347 3136 581 3205 Deserit,
611 3154 676 3193 ac
699 3138 893 3205 rapido
919 3152 1082 3191 cursu
1107 3137 1286 3191 media
1309 3136 1531 3205 agmina
1552 3134 1781 3203 rumpit.

347 3226 434 3278 Ac
457 3224 630 3279 veluti
655 3224 862 3278 montis
883 3240 1073 3278 saxum
1101 3222 1171 3277 de
1194 3223 1405 3277 vertice
1428 3238 1692 3291 praeceps

349 3310 488 3365 Cum
515 3311 640 3380 ruit,
670 3310 919 3366 avulsum
944 3314 1130 3375 vento,
1157 3326 1254 3363 seu
1275 3308 1533 3363 turbidus
1554 3308 1735 3363 imber

349 3396 579 3469 Proluit,
608 3403 704 3455 sut
727 3398 886 3453 annis
909 3396 1076 3452 solvit
1099 3396 1354 3465 sublapsa
1380 3400 1659 3461 vetustss3

349 3480 548 3540 Fertur
571 3486 630 3540 in
653 3482 951 3554 abruptum
975 3498 1362 3563 magno-mons
1384 3473 1670 3552 improbus
1692 3488 1835 3549 actu,

2286 705 2389 755 655

2282 1140 2387 1190 660

2276 2007 2385 2061 070

2278 2438 2383 2495 675

2278 2872 2385 2927 680

2276 3308 2379 3359 685
