2725 3892
1032 189 1309 240 VERGILI
1352 189 1681 240 AENEIDOS
1725 191 1788 240 11.

402 345 559 413 Quae
582 351 771 403 tantae
793 352 1022 403 tenuere
1044 350 1265 403 morae?
1305 349 1504 418 quibus
1527 349 1736 404 Hector
1761 351 1830 406 ab
1855 351 1970 406 oris

400 432 735 502 Exspectate
758 435 947 489 venis?
982 439 1048 488 ut
1070 439 1126 488 te
1146 439 1277 504 post
1298 435 1472 490 multa
1495 441 1718 490 tuorum

398 519 633 588 Funera,
660 525 787 590 post
810 521 993 576 varios
1011 521 1412 591 hominumque
1437 523 1694 592 urbisque
1717 523 1938 579 labores

399 605 617 660 Defessi
638 605 960 676 aspicimus!
1000 623 1139 676 quae
1160 623 1324 662 causa
1346 607 1573 677 indigna
1595 625 1818 664 serenos

400 691 667 747 Foedavit
690 691 907 747 voltus?
945 699 1041 747 aut
1066 709 1165 747 cur
1185 693 1325 748 haec
1348 693 1579 750 volnera
1601 697 1806 750 cerno?
1829 696 1862 726 ’²

470 795 501 832 e
524 778 680 848 nihil,
707 795 811 834 nec
832 795 923 834 me
948 785 1303 850 quaerentem
1328 797 1470 836 vana
1495 787 1758 850 moratur,

394 864 510 920 Sed
533 866 777 934 graviter
799 866 1037 934 gemitus
1056 866 1171 921 imo
1191 865 1264 921 de
1288 871 1514 936 pectore
1535 868 1756 937 ducens,

404 953 438 982 ‘⁶
454 951 579 1006 Heu
602 952 743 1021 fuge,
772 959 902 1006 nate
927 949 1045 1020 dea,
1072 957 1237 1022 teque
1259 953 1347 1006 his
1369 953 1405 982 ”
1437 955 1520 1009 ait
1570 956 1604 986 “
1619 956 1770 1024 eripe
1793 954 2042 1011 flammis.

400 1036 591 1092 Hostis
612 1037 783 1092 habet
805 1053 1025 1106 mul-0⁸3
1062 1040 1179 1093 ruit
1202 1039 1317 1093 alto
1340 1054 1375 1093 a
1399 1040 1638 1095 culmine
1661 1039 1842 1096 Troia.

400 1121 499 1178 Sat
522 1123 733 1192 patriae
756 1121 1085 1193 Priamoque
1108 1124 1299 1178 datum
1318 1143 1332 1192 ;
1370 1125 1416 1179 si
1441 1126 1713 1195 Pergama
1736 1126 1934 1182 dextra

398 1207 635 1263 Defendi
660 1214 899 1279 possent,
927 1211 1091 1265 etiam
1118 1210 1225 1265 hac
1247 1211 1478 1266 defensa
1500 1212 1764 1278 fuissent3

400 1293 568 1350 Sacra
590 1311 822 1365 suosque
846 1296 949 1350 tibi
974 1297 1325 1352 commendat
1347 1298 1513 1353 Troia
1535 1299 1794 1354 Penatis:

398 1380 521 1436 Hos
542 1397 677 1452 cape
700 1382 939 1436 fatorum
965 1383 1209 1450 comites,
1236 1382 1326 1436 his
1348 1386 1569 1440 moenia
1591 1401 1807 1455 quaere,

398 1467 601 1537 Magna
622 1472 907 1537 pererrato
930 1473 1139 1523 statues
1162 1485 1301 1540 quae
1324 1470 1560 1540 denique
1583 1471 1812 1542 ponto.”

397 1552 491 1608 Sic
514 1553 607 1623 ait,
634 1559 692 1609 et
712 1554 967 1609 manibus
988 1556 1161 1610 vittas
1183 1556 1524 1626 Vestamque
1549 1538 1830 1626 potentem

398 1640 813 1710 Aeternumque
836 1641 1015 1709 adytis
1038 1642 1201 1696 effert
1224 1643 1599 1712 penetralibus
1619 1644 1822 1714 ignem.

466 1725 704 1781 Diverso
726 1727 942 1783 interea
964 1728 1263 1783 miscentur
1282 1731 1506 1784 moenia
1527 1729 1695 1799 luctu,

396 1811 471 1866 Et
492 1814 667 1882 magis
691 1819 853 1883 atque
876 1815 1062 1885 magis,
1093 1831 1424 1886 quamquam
1449 1823 1664 1871 secreta
1685 1818 1930 1887 parentis

396 1899 670 1953 Anchisae
695 1899 889 1954 domus
913 1902 1309 1972 arboribusque
1334 1905 1558 1958 obtecta
1579 1905 1820 1970 recessit,

396 1985 719 2043 Olarescunt
742 1990 970 2059 sonitus,
999 2005 1386 2060 armorumque
1407 1990 1617 2058 ingruit
1641 1989 1854 2044 horror.

394 2072 663 2130 Excutior
686 2092 894 2144 somno,
924 2081 981 2131 et
1006 2077 1203 2130 summi
1230 2075 1452 2145 fastigia
1473 2077 1610 2130 tecti

393 2160 643 2216 Ascensu
668 2178 882 2233 supero,
910 2168 1075 2233 atque
1098 2163 1326 2217 arrectis
1348 2163 1573 2218 auribus
1597 2169 1746 2218 asto:

392 2243 460 2299 In
484 2253 722 2316 segetem
745 2249 919 2303 veluti
944 2265 1067 2304 eum
1092 2248 1311 2304 flamma
1330 2249 1642 2304 furentibus
1667 2249 1866 2304 austris

392 2331 613 2403 Incidit,
642 2342 737 2390 aut
760 2336 983 2407 rapidus
1008 2341 1273 2391 montano
1294 2335 1526 2390 flumine
1547 2341 1770 2390 torrens

393 2417 607 2474 Sternit
630 2437 808 2490 agros,
835 2423 1035 2477 sternit
1060 2429 1180 2478 sata
1202 2422 1351 2476 laeta
1377 2423 1650 2492 boumque
1673 2422 1906 2492 labores,

392 2504 825 2578 Praecipitisque
848 2507 1023 2563 trahit
1046 2507 1227 2576 silvas,
1258 2513 1446 2578 stupet
1467 2509 1672 2564 inscius
1695 2507 1810 2564 alto

393 2591 689 2662 Accipiens
712 2595 951 2650 sonitum
978 2596 1097 2650 saxi
1120 2595 1191 2650 de
1216 2595 1426 2651 vertice
1451 2601 1657 2666 pastor.

392 2677 533 2732 Tum
558 2694 691 2734 vero
714 2679 1007 2736 manifesta
1027 2680 1177 2752 fides,
1206 2681 1570 2752 Danaumque
1593 2687 1884 2752 patescunt

391 2763 645 2821 Insidiae.
718 2766 835 2822 Iam
858 2767 1135 2838 Deiphobi
1160 2768 1316 2824 dedit
1338 2769 1524 2838 ampla
1543 2769 1781 2838 ruinam,

392 2849 647 2908 Volcano
670 2859 978 2922 superante,
1004 2853 1215 2922 domus,
1242 2856 1353 2910 iam
1375 2856 1663 2926 proximus
1685 2855 1843 2911 ardet

392 2937 699 3008 Ucalegom
740 2939 902 3010 Sigea
924 2941 1037 3010 igni
1058 2942 1211 2996 treta
1230 2942 1343 3012 lata
1368 2942 1632 2998 relucent.

390 3025 657 3082 Exoritur
680 3027 995 3098 clamorque
1018 3030 1199 3083 virum
1223 3027 1558 3100 clangorque
1581 3031 1855 3086 tubarum.

390 3113 567 3168 Arma
588 3130 777 3169 amens
800 3114 987 3184 cspiog
1026 3131 1129 3170 nec
1152 3121 1241 3170 sat
1262 3115 1494 3171 rationis
1515 3117 1578 3170 in
1603 3117 1800 3184 armis3

389 3198 497 3253 Sed
522 3199 829 3268 glomerare
850 3217 1077 3256 manum
1100 3201 1247 3256 bello
1270 3207 1329 3256 et
1352 3217 1680 3258 concurrere
1701 3204 1759 3257 iu
1787 3219 1972 3260 arcem

390 3283 533 3340 Gum
558 3285 719 3340 sociis
742 3285 938 3341 ardent
960 3287 1159 3353 animi3
1198 3287 1357 3342 furor
1383 3288 1574 3358 iraque
1595 3295 1840 3344 mentem

388 3369 779 3441 Praecipitant,
808 3371 1207 3442 pulchrumque
1230 3373 1374 3427 mori
1397 3375 1669 3430 succurrit
1693 3375 1752 3430 in
1777 3375 1962 3432 armis.

456 3455 601 3512 Ecce
624 3461 809 3512 autem
834 3455 959 3512 telis
980 3455 1233 3514 Panthus
1254 3457 1472 3529 elapsus
1495 3457 1789 3528 Achivom,

2321 615 2425 667 285

2321 1047 2428 1098 290

2321 1477 2425 1528 295

2319 1909 2423 1960 800

2315 2341 2418 2392 305

2317 2773 2422 2826 810

2313 3205 2418 3258 815
