2725 3892
993 218 1266 270 VERGILI
1311 220 1643 271 AENEIDOS
1686 222 1751 273 X.

349 380 656 459 Exterrens
680 380 850 448 freta3
890 380 978 434 cui
1003 380 1235 435 laterum
1261 387 1427 435 tenus
1447 381 1667 467 hispida
1690 382 1845 437 nanti

349 466 528 522 Frons
552 468 832 522 hominem
857 468 1116 537 praefert,
1143 467 1203 521 in
1227 469 1445 537 pristim
1471 469 1675 523 desinit
1696 469 1882 538 alvus3

351 556 596 625 Spumea
619 554 878 609 semifero
904 554 1005 609 sub
1031 560 1256 623 pectore
1281 562 1593 611 murmurat
1616 555 1782 613 unda.

421 642 528 697 Tot
551 642 679 697 lecti
707 657 964 711 proceres
985 646 1076 696 ter
1097 635 1258 696 denis
1279 644 1515 697 navibus
1536 643 1695 697 ibant

353 728 610 784 Subsidio
635 728 845 798 Troiae,
873 732 932 783 et
955 743 1178 798 campos
1201 730 1330 805 salis
1355 746 1482 784 aere
1506 731 1786 786 secabant.

423 816 650 885 Iamque
673 814 790 869 dies
811 815 966 870 caelo
987 826 1350 883 concesserat,
1381 816 1633 886 almaque
1654 834 1819 873 curru

354 902 667 971 Noctivago
692 902 915 957 Phoebe
937 902 1180 957 medium
1203 902 1463 972 pulsabat
1488 904 1815 974 Olympum:

357 990 826 1059 Aeneas—neque
850 990 998 1045 enim
1022 990 1286 1044 membris
1308 990 1407 1044 dat
1430 1006 1565 1045 cura
1588 992 1901 1061 quietem-

353 1078 480 1147 Ipse
504 1077 702 1132 sedens
718 1076 1041 1147 clavumque
1065 1077 1212 1145 regit
1238 1077 1483 1147 velisque
1508 1080 1797 1135 ministrat.

353 1166 542 1234 Atque
565 1164 647 1217 illi
673 1162 854 1217 medio
877 1165 936 1217 in
961 1164 1140 1232 spatio
1162 1163 1385 1232 chorus,
1414 1182 1555 1233 ecce,
1584 1182 1807 1221 suarum

356 1250 612 1305 Occurrit
636 1250 928 1305 comitum:
953 1248 1278 1319 Nymphae,
1307 1268 1443 1321 quas
1465 1252 1609 1307 alma
1632 1253 1859 1321 Cybebe

355 1338 578 1392 Numen
601 1336 810 1392 habere
833 1338 1002 1391 maris
1026 1336 1425 1407 Nymphasque
1451 1356 1483 1393 e
1506 1340 1741 1394 navibus
1766 1357 1883 1395 esse

355 1424 611 1493 Iusserat,
639 1424 906 1478 innabant
930 1424 1138 1493 pariter
1161 1424 1469 1495 fluctusque
1494 1428 1769 1495 secabant,

355 1510 506 1577 Quot
528 1510 680 1580 prius
703 1516 922 1565 aeratae
947 1516 1215 1569 steterant
1239 1514 1308 1567 ad
1333 1513 1499 1567 litora
1522 1517 1737 1583 prorae.

356 1600 683 1666 Agnoscunt
707 1598 870 1666 longe
893 1614 1096 1667 regem,
1125 1600 1473 1671 lustrantque
1497 1601 1730 1655 choreis,

355 1683 600 1751 Quarum
627 1702 766 1754 quae
789 1684 1288 1765 tandi-doctissima
1311 1687 1676 1755 Cymodocea,

356 1772 509 1826 Pone
533 1788 767 1841 sequens
791 1772 990 1826 dextra
1011 1772 1240 1842 puppim
1263 1779 1437 1841 tenet,
1464 1775 1691 1845 ipsaque
1715 1776 1881 1829 dorso

355 1858 593 1927 Eminet,
622 1874 686 1912 ac
711 1858 870 1913 laeva
896 1859 1082 1913 tacitis
1107 1861 1447 1929 subremigat
1470 1862 1663 1931 undis3

355 1945 493 2001 Tum
521 1940 598 2001 sic
624 1948 875 2017 ignarum
903 1947 1248 2017 adloquitur:
1295 1950 1328 1977 ‘⁶
1347 1948 1649 2017 Vigilasne,
1678 1949 1843 2004 deum
1867 1966 2015 2019 gens,

357 2034 584 2089 Aenea?
623 2035 804 2105 vigila,
835 2041 894 2093 et
919 2035 1054 2089 velis
1077 2036 1317 2090 immitte
1341 2036 1607 2091 rudentis.

357 2120 478 2175 Nos
501 2138 702 2191 sumus,
730 2121 928 2178 Idaeae
955 2140 1112 2177 sacro
1135 2123 1204 2177 de
1229 2124 1439 2177 vertice
1464 2124 1643 2193 pinus,

357 2206 408 2260 N
415 2224 524 2261 nnc
546 2208 726 2277 pelagi
751 2208 1063 2280 Nymphae,
1096 2210 1282 2265 classis
1307 2218 1420 2265 tua.
1492 2210 1745 2264 Perfidus
1766 2216 1831 2263 ut
1856 2226 1959 2264 nos

355 2293 682 2365 Praecipitis
705 2296 850 2351 ferro
877 2298 1117 2351 Rutulus
1139 2296 1467 2367 flammaque
1494 2298 1793 2367 premebat,

359 2381 628 2451 Rupimus
651 2384 858 2438 invitae
883 2390 982 2439 tua
1007 2383 1246 2452 vincula,
1275 2390 1440 2453 teque
1462 2401 1563 2454 per
1586 2376 1791 2453 aequor

357 2469 698 2536 Quaerimus.
771 2470 932 2526 Hanc
958 2472 1227 2527 Genetrix
1253 2472 1450 2525 faciem
1472 2472 1733 2525 miserata
1756 2471 1965 2539 refecit,

355 2556 430 2611 Et
453 2558 604 2613 dedit
629 2574 747 2613 esse
769 2558 918 2628 deas,
947 2576 1254 2629 aevumque
1282 2560 1493 2627 agitare
1516 2558 1619 2613 sub
1642 2558 1821 2613 undis.

355 2644 439 2698 At
460 2661 598 2713 puer
622 2646 892 2700 Ascanius
914 2662 1076 2699 muro
1102 2648 1371 2715 fossisque
1392 2650 1614 2699 tenetur

355 2730 486 2787 Tela
509 2732 654 2786 inter
675 2732 858 2787 media
881 2738 1046 2803 atque
1071 2733 1352 2787 horrentis
1376 2732 1556 2787 Marte
1580 2733 1823 2789 Latinos.

353 2817 476 2873 Iam
498 2819 622 2873 loca
642 2819 790 2875 iussa
811 2825 968 2874 tenet
991 2821 1128 2874 forti
1153 2821 1461 2889 permixtus
1483 2817 1723 2875 Etrusco

354 2904 534 2960 Arcas
557 2922 739 2975 eques.
813 2906 1025 2961 Medias
1049 2906 1156 2961 illis
1181 2923 1463 2977 opponere
1486 2914 1713 2976 turmas,

353 2990 442 3045 Ne
467 2993 660 3046 castris
683 2993 928 3061 iungant,
957 2998 1110 3048 certa
1135 2998 1220 3048 est
1244 2995 1523 3050 sententia
1546 2994 1749 3049 Turno.

355 3078 532 3147 Surge
556 3095 674 3149 age,
701 3086 758 3133 et
783 3060 1024 3134 Aurora
1028 3082 1206 3135 socios
1229 3054 1515 3135 veniente⁴
1512 3082 1701 3135 vocari

354 3163 612 3219 Primus
597 3182 658 3218 ιιι
683 3182 838 3221 arma
861 3166 1006 3231 iube,
1035 3172 1094 3219 et
1115 3166 1356 3237 clipeum
1383 3184 1532 3235 cape,
1562 3185 1723 3237 quem
1750 3166 1905 3221 dedit
1928 3167 2049 3237 ipse

353 3250 632 3306 Invictum
659 3252 854 3321 Ignipo
913 3270 994 3321 ns,
1023 3259 1188 3322 atque
1211 3246 1336 3308 oras
1361 3255 1555 3309 ambiit
1581 3271 1733 3309 aui-0.

357 3338 618 3392 Crastina
640 3338 750 3407 lux,
777 3353 906 3393 mea
928 3339 974 3392 si
997 3356 1110 3393 non
1137 3340 1306 3394 inrita
1327 3334 1477 3394 dicta
1499 3343 1727 3410 putaris,

357 3423 610 3493 Ingentis
635 3424 872 3479 Rutulae
893 3426 1167 3496 spectabit
1191 3426 1377 3480 caedis
1402 3427 1681 3481 acervos.”

355 3510 620 3577 Dixerat3
662 3517 718 3564 et
743 3510 938 3583 dextra
959 3512 1248 3566 discedens
1271 3512 1491 3579 impulit
1516 3512 1701 3580 altam,

2282 388 2389 438 210

2281 822 2386 873 215

2282 1258 2389 1309 220

2283 1690 2387 1741 225

2284 2127 2390 2178 230

2286 2560 2389 2613 235

2288 2994 2393 3045 240

2292 3422 2397 3471 245
