2725 3892
963 210 1236 262 VERGILI
1283 210 1659 263 GRORGIOON
1706 212 1770 263 11.

349 387 425 443 Et
447 387 649 443 ductus
673 405 847 443 cornu
873 390 1043 444 stabit
1068 406 1222 444 sacer
1245 390 1436 444 hircus
1461 390 1527 445 ad
1555 396 1722 455 aram,

349 474 692 546 Pinguiaque
716 476 774 529 in
803 476 1025 529 veribus
1050 478 1385 531 torrebimus
1411 482 1540 532 exta
1564 475 1821 531 columis.

417 561 523 616 Est
547 562 714 617 etiam
739 560 833 616 ille
856 560 1015 617 labor
1040 562 1294 617 curandis
1319 562 1527 617 vitibus
1551 563 1706 631 alter,

349 646 453 702 Cui
477 664 777 718 numquam
803 647 1052 703 exhausti
1079 650 1212 703 satis
1237 654 1352 703 est:
1393 665 1633 718 namque
1658 666 1823 704 omne
1850 650 2147 719 quotannis

349 733 564 803 Terque
587 740 890 805 quaterque
915 734 1090 789 solum
1125 734 1501 803 scindendum,
1531 736 1833 805 glaebaque
1858 738 2033 791 versis

349 822 656 875 Aeternum
681 821 992 892 frangenda
1016 821 1334 876 bidentibus
1354 840 1374 888 ·,
1410 838 1573 876 omne
1598 823 1891 877 levandum

347 906 568 961 Fronde
591 924 800 963 nemus.
877 907 1048 962 Redit
1073 906 1329 975 agricolis
1353 907 1510 962 labor
1534 914 1689 963 actus
1714 911 1770 961 in
1798 910 2004 975 orbem,

347 994 534 1063 Atque
559 995 618 1047 in
643 1011 702 1049 se
725 1012 825 1050 sua
847 1011 948 1064 per
972 995 1204 1063 vestigia
1229 994 1475 1048 volvitur
1498 1012 1689 1049 annus.

347 1080 431 1133 Ac
455 1080 564 1135 iam
591 1080 739 1149 olim,
769 1098 918 1136 seras
941 1082 1126 1152 posuit
1152 1098 1278 1135 cum
1307 1082 1465 1135 vinea
1493 1082 1716 1136 frondes

347 1166 599 1236 Frigidus
623 1176 680 1221 et
705 1167 857 1222 silvis
881 1167 1064 1238 aquilo
1087 1166 1330 1222 decussit
1357 1168 1645 1237 honorem,

345 1250 462 1305 Iam
485 1258 608 1307 tum
633 1270 761 1308 acer
783 1270 946 1309 curas
968 1254 1282 1309 venientem
1311 1255 1560 1309 extendit
1586 1257 1639 1309 in
1670 1272 1873 1309 annum

345 1336 620 1408 Rusticus,
649 1346 709 1394 et
731 1356 904 1396 curvo
930 1340 1155 1395 Saturni
1180 1341 1348 1396 dente
1375 1341 1618 1395 relictam

345 1424 700 1495 Persequitur
723 1428 894 1482 vitem
920 1428 1220 1483 attondens
1244 1427 1511 1498 fingitque
1536 1428 1797 1499 putando.

343 1508 562 1567 Primus
585 1514 814 1567 humum
840 1513 1035 1583 fodito,
1064 1515 1275 1585 primus
1300 1514 1528 1570 devecta
1553 1522 1801 1571 cremato

343 1598 650 1665 Sarmenta,
677 1606 734 1654 et
759 1600 932 1655 vallos
955 1602 1168 1669 primus
1191 1602 1294 1655 sub
1321 1607 1469 1656 tecta
1498 1602 1742 1669 referto;

343 1684 664 1741 Postremus
687 1688 900 1741 metito.
977 1686 1074 1741 Bis
1102 1686 1306 1743 vitibus
1329 1688 1539 1757 ingruit
1562 1689 1774 1759 umbra,

341 1769 438 1829 Bis
461 1778 700 1841 segetem
727 1774 912 1828 densis
937 1774 1220 1829 obducunt
1243 1776 1493 1829 sentibus
1517 1776 1754 1844 herba03

340 1856 524 1912 Durus
547 1867 780 1928 uterque
806 1859 996 1915 labor:
1039 1860 1262 1916 laudato
1291 1862 1539 1929 ingentia
1565 1878 1707 1929 rura,

339 1942 614 2014 Exiguum
643 1946 830 2002 colito.
907 1946 1026 2001 Nec
1053 1964 1163 2002 non
1189 1950 1352 2003 etiam
1382 1964 1573 2017 aspera
1597 1949 1741 2003 rusci

340 2031 570 2087 Vimine
593 2050 693 2102 per
717 2034 926 2103 silvam,
957 2042 1014 2089 et
1041 2036 1176 2104 ripis
1199 2036 1436 2090 fluvialis
1466 2036 1716 2090 harundo

338 2118 618 2185 Caeditur,
646 2120 946 2190 incultique
971 2128 1194 2175 exercet
1218 2138 1350 2175 cura
1374 2122 1565 2177 salicti.

339 2204 454 2260 Iam
482 2206 704 2260 vinctae
727 2208 886 2275 vites,
917 2209 1023 2261 iam
1049 2207 1250 2261 falcem
1277 2209 1503 2263 arbusta
1528 2214 1819 2278 reponunt,

337 2292 450 2347 Iam
479 2294 628 2347 canit
654 2293 886 2347 effectos
911 2300 1191 2348 extremus
1215 2295 1427 2348 vinitor
1451 2302 1642 2350 antes:

338 2378 696 2435 sollicitanda
719 2386 904 2435 tamen
931 2380 1111 2449 tellus,
1139 2381 1429 2452 pulvisque
1456 2382 1773 2452 movendus,

335 2464 408 2520 Et
433 2468 542 2521 iam
569 2468 800 2523 maturis
825 2467 1156 2522 metuendus
1182 2468 1433 2539 Iuppiter
1458 2470 1595 2525 uvis.

405 2554 618 2609 Contra
642 2570 752 2621 non
781 2554 892 2609 ulla
915 2566 1001 2609 est
1026 2554 1163 2611 oleis
1186 2556 1414 2625 cultura,
1444 2548 1621 2626 nequ'e
1646 2557 1773 2613 illae

335 2640 672 2697 Procurvam
699 2648 1024 2712 exspectant
1047 2642 1247 2696 falcem
1273 2651 1593 2713 rastrosque
1616 2645 1841 2711 tenacis,

335 2726 476 2783 Cum
502 2728 668 2782 semel
693 2728 992 2783 haeserunt
1019 2730 1166 2783 arvis
1191 2746 1459 2799 aurasque
1482 2730 1765 2785 tulerunt:

333 2812 461 2882 Ipsa
482 2815 616 2871 satis
641 2814 820 2883 tellus,
849 2830 976 2869 cum
1003 2814 1170 2871 dente
1195 2815 1500 2871 recluditur
1524 2833 1686 2884 unco,

333 2899 546 2953 Sufficit
568 2916 816 2955 umorem
843 2907 898 2955 et
921 2902 1192 2969 gravidas,
1221 2920 1348 2957 cum
1375 2919 1613 2971 vomere,
1642 2904 1843 2972 fruges.

331 2984 454 3040 Hoc
479 2986 739 3055 pinguem
765 2992 822 3042 et
845 2988 1105 3055 placitam
1132 2988 1262 3044 Paci
1289 2988 1533 3043 nutritor
1556 2988 1776 3043 olivam.

400 3072 576 3127 Poma
598 3088 833 3143 quoque,
861 3080 925 3129 ut
948 3075 1186 3144 primum
1213 3080 1439 3129 truncos
1462 3090 1679 3129 sensere
1704 3073 1941 3129 valentis

331 3156 402 3213 Et
427 3160 560 3214 viris
581 3152 824 3214 habuere
848 3175 988 3229 suas,
1017 3160 1088 3216 ad
1113 3160 1295 3214 sidera
1317 3162 1523 3229 raptim

331 3244 402 3299 Vi
425 3248 658 3317 propria
680 3247 936 3300 nituntur
959 3248 1185 3318 opisque
1207 3246 1360 3301 haud
1383 3246 1571 3316 indiga
1593 3254 1835 3301 nostrae.

331 3332 448 3388 Nec
472 3335 658 3389 minus
679 3333 894 3388 interes
917 3334 1036 3389 {otu
1061 3350 1258 3390 nemus
1283 3349 1447 3389 omne
1470 3336 1761 3403 gravescit,

329 3418 763 3491 SanguIneisque
785 3419 998 3476 inculta
1020 3421 1224 3477 rubent
1247 3420 1455 3475 avim-ia
1476 3420 1642 3475 bacis.

329 3502 652 3562 Tondentur
674 3506 856 3572 cytisi,
881 3505 1070 3563 taedas
1092 3506 1232 3561 silva
1257 3506 1368 3561 alta
1392 3506 1683 3565 ministrat,

2284 392 2386 445 395

2275 1260 2379 1312 405

2270 1692 2377 1744 410

2269 2127 2373 2178 415

2266 2562 2372 2613 420

2264 2991 2371 3041 425
