2725 3892
933 178 1210 232 VERGILI
1254 178 1585 233 Ammos
1626 180 1741 233 111.

327 341 504 397 Maior
527 342 645 412 agit
671 342 808 397 deus
831 348 996 412 atque
1021 358 1191 412 opera
1215 342 1288 397 ad
1315 343 1528 399 maiora
1548 342 1841 399 remittit.”

325 430 427 483 llle
450 429 645 484 avidus
667 446 884 500 pugnae
909 444 1065 485 suras
1088 429 1389 485 incluserat
1413 446 1549 506 auro

326 513 472 568 Hinc
495 518 660 583 atque
685 513 828 581 hinc,
855 512 1084 583 oditque
1107 530 1306 582 moras,
1333 514 1665 584 hastamque
1690 521 1955 570 coruscat.

325 600 626 671 Postquam
651 598 854 655 habilis
877 599 1040 654 lateri
1063 600 1274 670 clipeus
1297 601 1581 671 loricaque
1605 608 1765 677 tergo
1790 606 1891 671 est,

324 688 626 741 Ascanium
651 686 792 741 fusis
817 688 1024 741 circum
1049 686 1439 755 complectitur
1464 688 1649 754 armis,

323 774 655 843 Summaque
681 789 780 842 per
802 772 1015 841 galeam
1041 772 1292 828 delibans
1317 774 1507 829 oscula
1526 775 1713 831 fatur:

327 862 362 889 “
381 859 562 926 Disce,
590 876 744 929 puer,
773 859 1036 925 virtutem
1063 876 1131 915 ex
1156 875 1245 911 me
1269 876 1574 930 verumque
1595 860 1859 931 laborem,

322 948 628 1001 Fortunam
655 962 724 1000 ex
749 945 887 1000 aliis.
962 945 1130 1001 Nunc
1157 950 1212 999 te
1236 962 1362 1001 mea
1386 947 1617 1004 dextera
1637 950 1783 1004 bello

322 1034 624 1089 Defensum
649 1033 820 1100 dabit,
841 1036 900 1086 et
923 1048 1126 1101 magna
1146 1032 1296 1087 inter
1318 1037 1567 1104 praemia
1588 1038 1787 1107 ducet;

323 1122 404 1176 Tu
429 1121 615 1185 facito,
645 1135 774 1173 mox
800 1135 924 1173 cum
951 1125 1170 1174 matura
1197 1120 1502 1178 adoleverit·
1524 1132 1692 1197 aetas,

323 1209 409 1263 Sis
431 1203 661 1276 memor,
691 1212 749 1289 et
773 1211 828 1261 te
853 1207 1039 1261 animo
1065 1216 1408 1277 repetentem
1435 1215 1685 1283 exempla
1708 1219 1931 1289 tuorum

321 1296 396 1351 Et
420 1300 578 1365 pater
602 1295 823 1350 Aeneas
847 1301 903 1350 et
927 1298 1232 1352 avunculus
1257 1301 1463 1354 excitet
1487 1300 1754 1363 Hectorst’

395 1383 544 1437 Haec
569 1383 666 1437 ubi
691 1383 840 1437 dicta
862 1385 1032 1454 dedit,
1063 1387 1241 1455 portis
1263 1404 1383 1443 sese
1406 1388 1607 1453 extulit
1628 1388 1840 1457 ingens,

321 1468 513 1523 Telum
537 1467 776 1522 immane
799 1484 968 1523 manu
993 1472 1274 1540 quatiens;
1313 1472 1475 1527 simul
1501 1474 1721 1542 agmine
1746 1472 1918 1527 denso

321 1554 685 1624 Antheusque
709 1554 1139 1627 Mnestheusque
1167 1564 1350 1627 ruunt,
1380 1545 1669 1629 omnisque
1690 1560 1899 1613 relictis

321 1642 504 1696 Turba
527 1641 650 1695 fluit
669 1643 881 1697 castris.
955 1643 1095 1699 Tum
1114 1662 1285 1715 caeco
1310 1646 1537 1716 pulvere
1562 1662 1789 1715 campus

321 1729 600 1799 Miscetur,
627 1730 896 1801 pulsuque
923 1734 1128 1803 pedum
1152 1734 1344 1788 tremit
1368 1735 1549 1789 excita
1572 1734 1752 1789 tellus.

322 1817 486 1870 Vidit
510 1818 580 1873 ab
605 1818 840 1873 adverso
865 1820 1138 1875 venientis
1161 1838 1358 1890 aggere
1384 1822 1615 1890 Turnus,

322 1905 532 1961 Videre
558 1907 807 1975 Ausonii,
837 1908 1156 1977 gelidusque
1178 1925 1280 1978 per
1301 1908 1417 1963 ima
1438 1909 1683 1975 cucurrit

321 1992 460 2047 Ossa
483 1998 692 2050 tremor
712 2014 725 2060 ς
766 1996 944 2064 prima
969 2000 1099 2049 ante
1125 1995 1304 2049 omnis
1327 1995 1561 2063 Iuturna
1582 1996 1811 2051 Latinos

325 2083 518 2138 Audiit
543 2084 882 2155 agnovitque
906 2101 1119 2152 sonum,
1148 2088 1206 2138 et
1228 2082 1555 2137 tremefacta
1578 2082 1803 2151 refugit.

319 2170 419 2226 Ille
443 2172 610 2240 volat,
640 2188 943 2241 campoque
970 2177 1152 2225 atrum
1178 2172 1324 2239 rapit
1347 2164 1543 2238 agnien
1572 2175 1783 2239 aperto·

321 2258 510 2322 Qualis
535 2261 631 2315 ubi
656 2260 724 2315 ad
749 2266 928 2314 terras
953 2260 1190 2328 abrupto
1214 2258 1393 2313 sidere
1418 2258 1637 2311 nimbus

319 2344 373 2399 It
397 2362 548 2401 mare
570 2364 672 2417 per
696 2347 972 2414 medium;
1013 2346 1242 2413 miseris,
1273 2344 1398 2412 heu,
1426 2344 1673 2413 praescia
1695 2344 1857 2413 longe

317 2431 664 2489 Horrescunt
689 2437 857 2491 corda
883 2434 1163 2504 agricolis3
1203 2432 1360 2486 dabit
1376 2432 1478 2499 ,ino
1502 2426 1687 2487 ruinas

317 2520 644 2593 Arboribus,
674 2524 1021 2594 stragemque
1049 2522 1218 2587 satis3
1261 2526 1389 2575 ruet
1414 2518 1600 2573 omnia
1622 2520 1767 2583 latez

317 2608 468 2664 Ante
493 2611 696 2681 volant,
725 2612 1074 2682 sonitumque
1097 2612 1290 2675 ferunt
1313 2608 1385 2663 ad
1408 2602 1575 2663 litora
1596 2606 1780 2663 venti:

315 2692 460 2750 Talis
482 2696 542 2750 in
567 2697 828 2754 adversos
850 2699 1047 2754 ductor
1071 2696 1377 2753 Rhoeteius
1392 2692 1575 2748 hostis

315 2780 533 2851 Agmen
561 2784 704 2854 agit3
746 2784 904 2840 densi
929 2786 1120 2841 cuneis
1143 2801 1203 2839 se
1231 2784 1461 2853 quisque
1484 2779 1689 2835 coactis

316 2870 731 2939 Agglomerant.
805 2866 958 2934 Fefrit
977 2888 1114 2927 ense
1135 2886 1362 2939 gravem
1390 2867 1769 2935 Thymbraeus
1794 2864 2013 2937 Osirim,

315 2956 602 3011 Arcetium
627 2957 962 3026 Mnestheus,
989 2958 1298 3027 Epulonem
1326 2957 1624 3010 obtruncat
1646 2953 1908 3022 Achates,

314 3043 682 3114 Ufentemque
707 3044 889 3112 Gyas3
929 3044 1080 3099 cadit
1103 3045 1221 3113 ipse
1245 3042 1570 3097 Tolumnius
1595 3052 1787 3112 augur,

311 3130 532 3185 Primus
554 3132 610 3184 in
639 3130 899 3185 adversos
921 3130 1096 3197 telum
1121 3130 1214 3200 qui
1238 3136 1476 3185 torserat
1499 3130 1692 3186 hostis.

313 3217 548 3273 Tollitur
569 3219 631 3271 in
655 3217 870 3272 caelum
893 3216 1117 3284 clamor,
1146 3216 1400 3286 versique
1423 3218 1667 3272 vicissim

312 3302 706 3369 Pulverulenta
728 3302 858 3371 ffiga
880 3301 1076 3367 Rutuli
1099 3303 1235 3357 dant
1257 3308 1416 3372 terga
1438 3322 1539 3374 per
1564 3322 1742 3373 agros.

311 3388 440 3457 Ipse
463 3405 641 3457 neque
666 3404 889 3443 aversos
911 3389 1174 3457 dignatur
1197 3394 1445 3445 sternere
1468 3393 1651 3459 morti,

313 3474 370 3525 N
371 3491 435 3528 ec
457 3476 602 3544 pede
625 3490 952 3542 congressos
975 3492 1152 3545 aequo
1177 3492 1280 3531 nec
1304 3478 1418 3532 tela
1444 3478 1676 3533 ferentis

2250 434 2359 487 430

2248 866 2356 921 4815

2246 1738 2355 1791 445

2246 2173 2355 2227 450

2242 3048 2351 3098 460

2240 3484 2349 3535 465
