2725 3892
1021 203 1294 255 VERGILI
1341 203 1601 254 ECLOGA
1640 204 1706 256 V.

343 361 602 417 Delectos
624 363 824 419 heroas
845 382 856 429 ς
899 370 1063 417 erunt
1089 365 1256 418 etiam
1281 365 1455 419 altera
1480 364 1635 434 bella,

344 450 529 519 Atque
551 449 752 503 iterum
781 450 850 503 ad
877 450 1094 504 Troiam
1120 466 1353 519 magnus
1378 452 1633 505 mittetur
1659 452 1921 507 Achilles.

341 536 503 605 Hinc,
532 535 626 589 ubi
652 536 761 589 iam
789 535 1008 591 firmata
1033 538 1214 590 virum
1241 544 1298 591 te
1322 538 1525 591 fecerit
1548 544 1715 607 setae,

341 622 516 677 Cedet
539 626 596 677 et
621 622 738 691 ipse
763 624 902 677 mari
929 629 1135 691 vector,
1163 640 1267 678 nec
1291 625 1515 678 nautica
1538 626 1703 692 pinus

338 706 577 761 Mutabit
600 724 845 761 merces:
887 708 1067 762 omnis
1091 709 1234 761 feret
1257 709 1445 763 omnia
1468 708 1648 765 tellus.

339 794 469 849 Nou
496 799 702 848 rastros
727 794 969 862 patietur
993 794 1207 863 humuS,
1239 811 1349 849 non
1378 795 1541 849 vinea
1562 796 1757 850 falcem
1778 815 1793 864 ς

339 880 620 935 Robustus
645 897 860 949 quoque
883 882 993 934 iam
1021 880 1190 935 tauris
1213 881 1342 950 iuga
1365 881 1545 936 solvet
1570 888 1789 951 arator3

339 965 390 1019 N
397 982 457 1020 ec
483 967 666 1020 varios
691 965 864 1021 discet
887 968 1110 1020 mentiri
1135 967 1266 1021 lana
1288 967 1517 1037 color-ee,

339 1050 464 1120 Ipse
489 1052 584 1105 sed
609 1052 665 1105 in
693 1052 864 1121 pratis
889 1054 1029 1107 aries
1053 1054 1162 1107 iam
1190 1070 1358 1109 suave
1384 1054 1603 1109 rubenti

337 1137 565 1206 Murice,
594 1140 703 1193 iam
728 1156 924 1194 croceo
947 1140 1189 1195 mutabit
1217 1141 1422 1195 vellera
1445 1142 1599 1209 lut03

337 1224 550 1292 Sponte
575 1242 674 1279 sua
697 1227 908 1294 sandyx
933 1228 1209 1296 pascentis
1237 1228 1437 1282 vestiet
1460 1245 1647 1297 agnos,

341 1313 374 1341 “
395 1311 547 1367 Talia
569 1312 800 1382 saecla‚‘’
827 1315 941 1367 suis
963 1314 1240 1383 dixerunt,
1273 1316 1582 1383 “cun-ite,’'
1610 1317 1751 1371 fusis

337 1397 651 1453 Concordes
675 1399 859 1454 stabili
883 1401 1120 1455 fatorum
1145 1403 1373 1456 numine
1396 1400 1619 1456 Parcae.

335 1485 656 1553 Aggredere
683 1503 716 1540 o
743 1488 1222 1555 magnos—aderit
1246 1488 1354 1543 iam
1384 1488 1927 1557 tempus—honores,

337 1571 480 1627 Gara
503 1573 668 1627 deum
693 1574 928 1643 suboles,
957 1591 1215 1643 magnum
1241 1574 1389 1629 Iovis
1416 1575 1813 1629 incrementum
1835 1575 1848 1628 1

335 1658 540 1727 Aspice
565 1676 814 1714 convexo
839 1666 1128 1715 nutantem
1154 1660 1399 1729 pondere
1425 1660 1710 1727 mundum,

335 1744 635 1815 Terrasque
659 1753 977 1817 tractusque
999 1748 1169 1801 maris
1193 1748 1512 1816 caelumque
1536 1746 1893 1816 profundum,

334 1832 554 1901 Aspice,
583 1840 816 1889 venturo
841 1834 1116 1889 laetantur
1140 1839 1206 1887 ut
1229 1835 1415 1888 omnia
1436 1831 1651 1888 saeclo!

335 1919 383 1971 Ο
411 1920 540 1971 mihi
567 1925 682 1973 tam
709 1920 906 1989 longae
929 1926 1153 1975 maneat
1175 1936 1304 1989 pars
1329 1920 1523 1975 ultima
1547 1920 1715 1989 vitae,

333 2002 568 2073 Spiritus
593 2012 664 2075 et,
693 2013 958 2075 quantum
983 2014 1068 2061 sat
1091 2008 1198 2063 erit
1220 2012 1319 2062 tua
1339 2007 1525 2061 dicere
1548 2007 1732 2063 facta:

259 2113 267 2119 ·
332 2090 464 2145 Non
486 2109 576 2146 me
600 2094 938 2148 carminibus
962 2095 1148 2150 vincet
1172 2112 1276 2150 nec
1301 2094 1569 2150 Thracius
1594 2094 1864 2165 Orpheus,

331 2177 386 2230 N
389 2194 450 2231 ec
475 2179 658 2248 Linus,
689 2180 818 2235 huic
841 2188 1021 2236 mater
1045 2184 1295 2251 quamvis
1319 2188 1486 2254 atque
1512 2183 1645 2238 huic
1668 2187 1827 2253 pater
1852 2178 2011 2248 adsit,

333 2263 541 2333 Orphei
569 2266 864 2335 Calliopea,
895 2268 1036 2321 Lino
1062 2271 1339 2323 formosus
1363 2270 1588 2339 Apono.

331 2350 448 2404 Pan
475 2352 658 2421 etiam,
687 2353 927 2409 Arcadia
949 2371 1166 2409 mecum
1191 2356 1236 2407 si
1263 2354 1659 2423 iudice-certet,

329 2436 448 2491 Pan
473 2438 641 2492 etiam
668 2438 907 2493 Arcadia
930 2440 1078 2495 dicat
1101 2456 1160 2494 se
1183 2439 1362 2495 iudice
1388 2441 1615 2495 victum.

329 2526 533 2595 Incipe,
561 2542 730 2593 parve
753 2541 906 2595 puer,
935 2526 1048 2579 risu
1073 2542 1407 2596 cognoscere
1429 2532 1659 2581 matrem
1683 2544 1696 2581 ε

329 2611 494 2666 Matri
518 2611 684 2681 longa
707 2611 895 2665 decem
921 2612 1170 2667 tulerunt
1193 2613 1422 2668 fastidia
1444 2629 1688 2679 menses;

329 2699 532 2767 Incipe,
561 2714 730 2767 parve
756 2712 921 2766 puer:
963 2700 1052 2753 cui
1075 2716 1190 2755 non
1213 2700 1383 2755 risere
1406 2705 1677 2770 parentes,

327 2786 448 2841 Nec
473 2784 607 2839 deus
630 2784 780 2839 hunc
804 2801 1010 2856 mensa,
1039 2787 1144 2843 dea
1166 2804 1270 2843 nec
1295 2788 1523 2857 dignata
1546 2786 1713 2841 cubili
1736 2790 1838 2841 est.

1235 2943 1433 2951 .-.——.—-

1126 3032 1429 3090 ECLOGA
1479 3033 1549 3087 V.

1187 3139 1501 3187 DAPHNIS.

1024 3248 1341 3287 Meuanas.
1416 3246 1649 3287 uorsus.

323 3337 474 3392 Mun.
513 3337 779 3403 Curnon,
809 3334 1016 3406 Mopse,
1044 3336 1175 3391 boni
1201 3337 1460 3406 quoniam
1486 3334 1847 3390 convenimus
1868 3334 2046 3400 ambo,

323 3424 402 3476 Tu
428 3424 670 3478 calamos
693 3422 886 3477 inflare
907 3424 1058 3491 levis,
1087 3440 1190 3494 ego
1215 3423 1400 3479 dicere
1425 3440 1628 3487 versus,

324 3508 430 3563 Hic
455 3510 655 3577 corylis
681 3510 884 3563 mixtas
905 3510 1053 3563 inter
1077 3510 1412 3565 considirnus
1436 3510 1650 3566 ulmos?

2311 372 2379 425 35

2301 1662 2371 1715 50

2292 2530 2363 2583 60
