2725 3892
988 192 1265 242 VERGILI
1308 191 1568 242 ECLOGA
1609 192 1698 242 vl.

323 351 494 407 Addit
518 369 576 407 se
600 351 805 407 sociam
828 350 1147 421 timidisque
1170 351 1490 420 supervenit
1513 351 1705 420 Aegle,

320 439 509 508 Aegle,
538 438 815 494 Naiadum
838 436 1224 507 pulcherrima,
1253 437 1472 506 iamque
1497 437 1709 492 videnti

320 524 643 593 sanguineis
665 526 910 579 frontem
936 525 1108 578 moris
1132 529 1189 578 et
1213 528 1464 592 tempora
1487 524 1681 592 pingit.

320 611 418 665 Ille
442 610 631 665 dolum
671 610 857 664 ridens
893 612 926 640 “
946 609 1069 676 Quo
1098 609 1318 664 vincula
1341 609 1594 664 nectitis?
1613 609 1644 638 ’²
1673 611 1869 680 inquit.

322 697 587 752 “Solvite
611 714 716 767 me,
744 698 929 766 pueri3
972 698 1105 752 satis
1130 703 1213 750 est
1238 697 1482 764 potuisse
1507 695 1698 750 videri.

320 785 593 852 Carmina,
624 799 761 853 quae
786 783 967 852 voltis,
996 782 1343 852 cognoscit03
1386 781 1628 836 carmina
1650 783 1825 851 vobis,

319 871 465 926 Huic
488 869 635 926 aliud
659 870 929 925 mercedis
954 870 1111 924 erit.”
1184 869 1356 924 Simul
1384 869 1580 938 incipit
1602 870 1736 939 ipse.

318 957 456 1012 Tum
482 974 616 1012 vero
640 957 699 1011 in
724 973 1017 1011 numerum
1038 956 1368 1025 Faunosque
1390 956 1640 1025 ferasque
1665 955 1884 1010 videres

317 1044 549 1114 Ludere,
579 1050 697 1099 tum
722 1044 927 1114 rigidas
954 1051 1163 1098 motare
1188 1043 1476 1098 cacumina
1499 1058 1762 1111 quercus,

318 1133 438 1192 Nec
462 1139 678 1188 tantum
704 1130 934 1186 Phoebo
958 1130 1165 1201 gaudet
1188 1129 1454 1184 Parnasia
1477 1145 1657 1198 rupes,

318 1219 372 1274 N
376 1237 439 1274 ec
464 1223 679 1274 tantum
705 1217 981 1288 Rhodope
1002 1217 1235 1271 miratur
1258 1221 1317 1271 et
1338 1215 1580 1272 Ismarus
1604 1215 1844 1286 Orphea.

386 1306 641 1375 Namque
665 1305 913 1370 canebat,
944 1304 1026 1358 uti
1050 1320 1309 1373 magnum
1334 1305 1622 1374 perinane
1645 1311 1840 1360 coacta

318 1393 541 1448 Semina
564 1397 946 1462 terrarumque
972 1391 1295 1460 animaeque
1325 1391 1604 1460 marisque
1627 1391 1862 1446 fuissent

318 1478 390 1533 Et
412 1478 601 1550 liquidi
626 1477 788 1532 simul
813 1478 985 1546 ignis;
1025 1485 1090 1532 ut
1114 1476 1199 1531 his
1222 1477 1450 1532 exordia
1471 1478 1664 1547 primis

317 1565 519 1620 Omnia
542 1570 601 1620 et
624 1565 741 1634 ipse
766 1569 923 1618 tener
946 1563 1139 1618 mundi
1164 1563 1507 1618 concreverit
1530 1564 1709 1632 orbis3

318 1651 455 1706 Tum
480 1652 682 1706 durare
706 1649 883 1706 solum
908 1655 966 1704 et
990 1650 1295 1705 discludere
1322 1649 1507 1706 Nerea
1531 1657 1706 1718 ponto

318 1739 581 1807 Coeperit
603 1745 661 1792 et
684 1754 869 1792 rerum
893 1737 1159 1807 paulatim
1182 1754 1398 1792 sumere
1423 1738 1661 1805 formas3

317 1825 541 1895 Iamque
564 1842 773 1880 novum
798 1831 977 1881 terrae
1002 1830 1259 1895 stupeant
1282 1825 1558 1880 lucescere
1583 1825 1754 1880 solem

318 1912 519 1980 Altius,
547 1917 711 1982 atque
736 1912 937 1968 cadant
960 1913 1230 1968 submotis
1254 1912 1493 1966 nubibus
1515 1912 1750 1977 imbrem

317 1999 595 2070 Incipiunt
618 1999 790 2056 silvae
814 2017 937 2056 cum
965 1999 1203 2070 primum
1230 2015 1470 2069 surgere,
1497 2015 1730 2069 cumque

317 2086 465 2143 Rara
487 2105 587 2158 per
610 2089 832 2158 ignaros
856 2092 1045 2144 errent
1068 2088 1327 2144 animalia
1349 2087 1568 2142 montis.

318 2173 461 2228 Hinc
484 2175 695 2244 lapides
719 2175 967 2243 Pyrrhae
990 2177 1181 2244 iactos,
1211 2175 1472 2230 Saturnia
1493 2191 1678 2244 regna,

317 2259 714 2329 Caucasiasque
738 2262 909 2317 refert
932 2261 1183 2317 volucres
1206 2263 1524 2332 furtumque
1548 2260 1886 2316 Promethei.

317 2347 421 2400 His
444 2347 710 2416 adiungit,
738 2347 923 2414 Hylan
946 2353 1149 2402 nautae
1172 2363 1283 2416 quo
1306 2347 1464 2402 fonte
1486 2346 1738 2401 relictum

318 2433 679 2501 Clamassent,
706 2438 773 2488 ut
805 2435 937 2489 litus
974 2433 1009 2462 “
1025 2431 1187 2501 Hyla,
1214 2431 1366 2499 Hyla
1385 2433 1418 2461 ”
1445 2448 1609 2487 omne
1634 2439 1882 2496 sonarem

315 2519 391 2575 Et
413 2520 765 2588 fortunatam,
794 2519 839 2574 si
866 2533 1163 2588 numquam
1190 2523 1442 2574 armenta
1464 2518 1712 2586 fuissent,

315 2605 625 2677 Pasiphaen
647 2605 795 2662 nivei
818 2604 1029 2661 solatur
1051 2621 1241 2661 amore
1263 2605 1500 2661 iuvenci.

315 2695 427 2766 Ah,
455 2696 611 2766 virgo
634 2693 843 2764 infelix,
872 2710 1013 2763 quae
1036 2699 1093 2748 te
1118 2693 1398 2748 dementia
1420 2693 1596 2762 cepitl

314 2781 602 2838 Proetides
624 2782 929 2854 implerunt
948 2781 1099 2836 falsis
1122 2780 1426 2850 mugitibus
1449 2795 1640 2850 agros:

315 2871 395 2926 At
418 2886 531 2926 non
554 2875 671 2925 tam
694 2870 873 2940 turpis
894 2867 1168 2938 pecudum
1192 2873 1384 2924 tamen
1407 2867 1521 2922 ulla
1541 2871 1730 2922 secuta
1753 2869 1838 2922 est

315 2957 669 3026 Concubitus,
699 2958 949 3028 quamvis
972 2956 1115 3012 collo
1138 2956 1414 3010 timuisset
1439 2961 1682 3011 aratrum

314 3043 389 3100 Et
411 3061 573 3114 saepe
594 3045 649 3099 in
676 3044 787 3098 levi
813 3043 1112 3114 quaesisset
1135 3059 1343 3098 cornua
1366 3043 1572 3098 fronte.

314 3132 424 3202 Ab,
454 3133 609 3199 virgo
630 3131 841 3200 infelix,
869 3138 933 3186 tu
957 3131 1185 3186 nuncin
1210 3131 1496 3185 montibus
1517 3145 1696 3184 erras:

314 3217 429 3288 Ille,
457 3218 603 3272 latus
625 3219 845 3274 niveum
871 3218 1025 3274 molli
1048 3218 1221 3273 fultus
1242 3216 1564 3285 hyacintho,

312 3303 443 3360 llice
466 3305 569 3358 sub
594 3305 753 3374 nigra
773 3305 1031 3374 pallentis
1054 3305 1297 3359 ruminat
1318 3302 1538 3372 herbas,

2287 787 2354 840 25

2285 1221 2354 1273 30

2285 1655 2364 1707 35'

2277 2957 2346 3009 50

312 3390 434 3444 Aut
456 3389 693 3461 aliquam
716 3391 779 3446 in
800 3407 1003 3462 magno
1026 3392 1272 3462 sequitur
1296 3405 1480 3458 grege.
1545 3389 1581 3418 ‘⁶
1597 3386 1867 3457 Claudite,
1889 3385 2201 3458 Nymphae,
2273 3389 2343 3442 55

311 3473 573 3531 Dictaeae
596 3474 905 3546 Nymphae,
933 3493 1221 3532 nemorum
1246 3477 1357 3531 iam
1379 3473 1616 3531 claudite
1641 3473 1826 3542 saltus,
