2725 3892
1008 177 1283 228 VERGHJ
1327 175 1658 226 ammos
1701 175 1790 226 lv,

378 341 621 398 Solando
646 342 801 411 eupit
826 345 884 395 et
907 339 1071 394 dictis
1095 343 1347 392 avertere
1373 353 1548 404 curas,

378 429 557 484 Multa
579 443 805 496 gemens
828 441 1141 494 magnoque
1167 425 1414 478 animum
1439 422 1748 477 labefactus
1771 437 1976 490 amore,

377 515 531 569 Iussa
554 520 738 568 tamen
766 512 951 568 divom
980 512 1314 580 exsequitur,
1344 510 1682 578 classemque
1707 509 1912 564 revisit.

378 601 517 656 Tum
544 617 677 656 vero
699 599 894 653 Teucri
918 599 1247 652 incumbunt
1271 601 1329 650 et
1352 597 1517 650 litore
1541 596 1716 650 celsas

377 689 674 744 Deducunt
698 692 821 741 toto
846 685 1017 739 navis.
1093 683 1267 737 Natat
1292 689 1460 737 uncta
1485 683 1692 750 carina,

378 775 814 842 Frondentisque
838 773 1029 825 serunt
1054 786 1233 824 remos
1257 781 1314 824 et
1339 769 1541 824 robora
1563 769 1716 823 silvis

377 861 727 928 Infabricata,
755 861 920 928 fugae
944 856 1143 911 studio.

377 947 666 1016 Migrantis
690 961 894 1013 cernas,
922 948 1149 1014 totaque
1177 959 1247 998 ex
1276 943 1412 998 urbe
1435 943 1664 996 ruentis.

376 1034 464 1086 A'e
490 1032 642 1087 velut
665 1032 949 1100 ingentem
970 1029 1231 1084 formicae
1260 1029 1428 1083 farris
1455 1044 1712 1083 acervum

378 1119 519 1174 Cum
542 1119 829 1188 populant,
856 1117 1055 1170 hiemis
1076 1131 1368 1184 memores,
1399 1119 1658 1184 tectoque
1681 1119 1990 1183 reponunt:

377 1205 431 1260 It
454 1207 671 1274 nigrum
698 1205 907 1274 campis
931 1219 1140 1273 agmen,
1171 1201 1544 1272 praedamque
1569 1216 1668 1269 per
1693 1201 1892 1255 herbas

378 1293 722 1347 Oonvectant
744 1290 883 1346 calle
908 1295 1175 1359 august03
1220 1305 1349 1359 pars
1376 1287 1610 1357 grandia
1631 1287 1866 1342 trudunt

378 1379 627 1434 Obnixae
650 1379 929 1432 frumenta
952 1377 1157 1431 umeris
1176 1396 1191 1445 ς
1234 1393 1363 1446 pars
1391 1375 1612 1444 agmina
1635 1379 1840 1444 cogunt

376 1465 773 1535 Castigantque
796 1480 1011 1532 moras3
1054 1479 1222 1532 opere
1248 1463 1428 1517 omnis
1455 1462 1652 1516 semita
1675 1461 1870 1516 fervet.

378 1553 514 1618 Quis
537 1553 642 1607 tibi
666 1558 801 1620 tum,
829 1551 991 1619 Dido,
1020 1551 1269 1606 cernenti
1296 1550 1432 1606 talia
1453 1565 1658 1616 sensus,

379 1638 599 1703 Quosve
624 1638 793 1692 dabas
816 1639 1067 1707 gemitus,
1096 1654 1221 1692 cum
1248 1637 1416 1692 litora
1437 1637 1658 1691 tei-vere
1681 1635 1794 1690 late

376 1723 729 1794 Prospiceres
752 1741 878 1779 arce
902 1741 971 1778 ex
996 1740 1225 1794 summa,
1256 1728 1548 1792 totumque
1572 1721 1790 1776 videres

376 1811 595 1866 Misceri
620 1816 749 1866 ante
773 1811 963 1866 oculos
986 1811 1155 1866 tantis
1179 1810 1514 1866 clamoribus
1535 1812 1776 1880 aequor?

376 1899 635 1968 Improbe
658 1914 828 1964 amor,
857 1898 988 1968 quid
1012 1914 1127 1951 non
1148 1897 1408 1952 mortalia
1431 1904 1656 1967 pectora
1675 1899 1861 1968 cogis?

377 1984 464 2040 Ire
490 1987 693 2040 iterum
716 1986 776 2038 in
800 1985 1067 2052 lacrimas,
1096 1985 1297 2038 iterum
1321 1990 1596 2054 temptare
1619 1985 1900 2055 precando

378 2073 622 2141 Cogitur,
651 2075 709 2125 et
732 2070 961 2140 supplex
986 2071 1198 2125 animos
1222 2071 1546 2127 submittere
1569 2074 1760 2140 amori,

378 2157 466 2211 Ne
490 2158 622 2227 quid
647 2158 995 2226 inexpertum
1020 2157 1227 2212 frustra
1250 2159 1519 2212 moritura
1543 2158 1832 2229 relinquat.

452 2247 485 2274 ‘²
504 2245 685 2310 Anna,
715 2243 871 2298 vides
894 2248 1015 2298 toto
1038 2245 1323 2313 properari
1348 2243 1550 2300 litore?
1625 2245 1850 2301 Circum

380 2329 635 2400 Undique
660 2346 1003 2397 convenere;
1042 2337 1209 2386 vocat
1230 2331 1339 2386 iam
1366 2332 1628 2388 carbasus
1649 2348 1825 2400 auras,

378 2417 663 2486 Puppibus
688 2422 744 2472 et
766 2415 901 2472 laeti
925 2423 1124 2472 nautae
1144 2418 1458 2486 imposuere
1485 2435 1736 2474 coronas.

380 2503 545 2558 Hunc
568 2519 671 2571 ego
696 2504 740 2556 si
766 2503 923 2572 potui
950 2509 1165 2558 tantum
1190 2520 1414 2573 sperare
1439 2505 1705 2575 dolorem,

378 2590 453 2644 Et
477 2589 737 2659 perferre,
766 2606 936 2660 soror,
964 2596 1181 2660 potero.
1256 2591 1492 2648 Miserae
1516 2591 1624 2648 hoc
1647 2597 1833 2648 tamen
1858 2607 2025 2646 unum

378 2675 705 2746 Exsequere‚
736 2675 919 2742 Anna,
947 2674 1085 2730 mihi
1105 2675 1370 2732 :—solam
1395 2691 1526 2732 nam
1553 2675 1794 2745 perfidus
1817 2675 1910 2731 ille

378 2761 457 2818 Te
480 2761 675 2830 colere,
704 2778 935 2817 arcanos
959 2763 1125 2818 etiam
1152 2763 1259 2818 tibi
1288 2763 1515 2821 eredere
1539 2779 1760 2829 sensus3

378 2849 511 2906 Sola
535 2849 638 2903 viri
660 2849 843 2905 mollis
866 2849 1049 2906 aditus
1071 2855 1131 2905 et
1153 2854 1408 2920 tempora
1431 2866 1666 2905 noras-

380 2937 421 3002 Ι,
450 2953 622 3006 soror,
652 2942 816 3006 atque
837 2936 1053 2994 hostem
1078 2937 1313 3007 supplex
1336 2937 1528 2994 adsere
1553 2937 1883 3006 superbum:

380 3023 509 3080 Non
534 3041 636 3093 ego
659 3040 783 3078 cum
810 3022 1021 3078 Danais
1044 3023 1339 3080 Troianam
1366 3023 1691 3080 exscindere
1713 3029 1936 3093 gentem

381 3109 583 3164 Aulide
607 3109 803 3178 iuravi,
830 3109 1130 3165 classemve
1154 3109 1226 3164 ad
1249 3109 1522 3179 Pergama
1543 3110 1684 3178 misi,

380 3195 500 3252 Nec
524 3196 697 3266 patris
720 3195 1003 3250 Anchisae
1026 3197 1269 3250 cinerem
1292 3195 1542 3250 Manisve
1567 3196 1790 3252 revelli:

382 3281 496 3338 Cur
518 3299 642 3338 mea
664 3282 815 3337 dieta
836 3287 1005 3352 negat
1028 3281 1195 3338 duras
1216 3283 1512 3340 demittere
1537 3283 1594 3341 in
1619 3283 1802 3338 auris?

383 3368 507 3433 Quo
529 3368 680 3422 ruit?
716 3373 1027 3422 extremum
1052 3367 1161 3423 hoc
1184 3369 1418 3424 miserae
1441 3367 1538 3422 det
1563 3385 1762 3424 munus
1783 3368 2025 3424 amanti:

384 3451 681 3522 Exspectet
702 3451 1030 3524 facilemque
1050 3453 1241 3523 fugam
1265 3461 1572 3524 ventosque
1595 3454 1837 3510 ferentis.

2311 423 2416 478 895

2311 1287 2414 1342 4015

2307 1725 2414 1776 41⁰

2307 2157 2412 2212 415

2311 3023 2413 3076 425
