2725 3892
1020 122 1293 173 VERGILI
1338 122 1671 173 AENE'IDOS
1718 122 1778 173 X.

318 344 323 351 ,
405 286 506 341 Cui
531 284 725 355 Liger:

250 376 270 385 ‘
304 359 367 433 ἐ,
406 376 441 401 “
459 371 591 426 Non
618 372 903 451 Diomedis
928 388 1113 442 equo-e,
1148 389 1249 426 nec
1274 388 1494 426 currum
1525 371 1702 425 cernis
1726 370 1950 439 Achilli,

403 460 521 514 Ant
545 458 821 527 Phrygiae
846 476 1102 531 campos:
1142 476 1290 513 nunc
1316 459 1444 515 belli
1471 459 1597 512 finis
1622 466 1678 511 et
1703 458 1825 531 aevi

405 547 505 600 His
527 548 751 601 dabitur
773 547 991 600 terrie.”
1067 545 1295 619 Vesano
1316 546 1448 613 talia
1471 545 1584 599 late

405 635 567 689 Dicta
591 634 787 702 volant·
806 633 1007 701 Ligeti.
1082 632 1191 686 Sed
1216 648 1331 687 non
1357 628 1416 687 et
1439 632 1634 685 Troius
1658 630 1822 685 heros

402 722 569 776 Dicta
592 718 753 790 parat
776 725 998 776 contra:
1042 719 1279 779 iaculum
1306 734 1438 773 nam
1465 723 1684 787 torquet
1707 718 1765 771 in
1791 716 2024 771 hostem.

404 808 651 875 Lucagus
676 814 739 861 ut
762 824 969 876 pronus
994 805 1241 875 pendens
1264 806 1323 858 in
1349 804 1582 858 verbera
1603 804 1718 857 telo

403 894 713 949 Admonuit
736 895 965 963 biiugoe,
994 893 1247 965 proiecto
1272 890 1403 949 dum
1430 888 1569 958 pede
1593 888 1753 944 laevo

404 983 581 1050 Aptat
604 986 665 1036 ee'
689 998 920 1052 pugnae,
948 980 1095 1035 subit
1120 994 1245 1033 oras
1270 978 1434 1031 hasta
1455 992 1556 1045 per
1579 977 1718 1031 imas

402 1068 685 1137 Fulgentis
708 1067 886 1137 clipei,
910 1072 1029 1121 tum
1059 1060 1271 1123 [aevum
1303 1064 1550 1141 perforat
1571 1063 1772 1132 inguen
1798 1083 1810 1118 ε

402 1154 679 1209 Εκοαειειιε
703 1170 867 1208 curru
892 1152 1252 1207 moribundus
1282 1150 1525 1205 volvitur
1549 1152 1710 1205 arvis.

403 1242 579 1307 Quem
606 1242 732 1309 pius
756 1242 979 1295 Aeneas
1002 1239 1165 1294 dictis
1192 1240 1410 1293 adfatur
1436 1238 1670 1292 amaris:

404 1334 439 1359 ‘⁴
462 1328 691 1397 Lucage,
720 1328 871 1383 nulla
894 1333 1021 1382 tuos
1044 1343 1237 1400 cuijrus
1260 1328 1394 1395 fuga
1419 1326 1602 1394 segnis
1627 1340 1889 1395 equorum

310 1450 317 1454 ·
402 1406 685 1485 Prodidit,-
700 1421 796 1469 aut
820 1432 995 1469 vanae
1020 1422 1239 1468 vertere
1265 1430 1333 1467 ex
1364 1407 1614 1467 hostibus
1639 1412 1904 1467 umbrae:

399 1503 524 1573 Ipse
548 1505 685 1558 rotis
708 1504 907 1557 saliens
930 1504 1059 1571 iuga
1084 1501 1343 1556 deseris.”
1421 1500 1576 1555 Haec
1601 1500 1680 1553 ita
1703 1499 1854 1553 fatus

402 1592 657 1665 Arripuit
681 1591 926 1659 biiugos;
968 1590 1141 1645 frater
1164 1588 1430 1643 tendebat
1457 1586 1683 1641 inermis

401 1678 599 1735 Infelix
625 1679 852 1748 palmae,
881 1695 1045 1733 curru
1069 1678 1323 1748 delapsus
1350 1679 1546 1734 eodem
1569 1700 1582 1735 ε

403 1768 435 1795 “
455 1767 561 1821 Per
584 1772 659 1831 te,
688 1782 791 1835 per
814 1766 909 1835 qui
933 1772 989 1819 te
1014 1766 1181 1819 talem
1206 1782 1446 1835 genuere
1471 1774 1744 1837 parentat,

400 1854 505 1908 Vir
529 1854 779 1921 Troiane,
810 1854 929 1907 sine
950 1853 1097 1907 hanc
1122 1854 1378 1922 ammam,
1417 1860 1475 1909 et
1497 1854 1758 1910 miserere
1787 1858 2116 1925 precantie.”

396 1941 655 1995 Pluribus
680 1936 861 1995 oranti
888 1928 1135 1997 Aeneas:
1180 1943 1213 1969 “
1236 1940 1400 1995 Haud
1423 1941 1560 1995 talia
1585 1942 1790 2009 dudum

396 2026 563 2083 Dicta
586 2027 773 2107 dabas,
797 2059 808 2071 .
848 2026 1079 2105 Morere,
1108 2032 1165 2081 et
1188 2028 1418 2083 fratrem
1447 2046 1518 2084 ne
1547 2030 1738 2090 desere
1761 2033 1993 2087 frater.”

396 2113 551 2182 Tum,
579 2113 821 2169 latebras
843 2108 1069 2180 aniinae,
1099 2122 1292 2183 pectus
1320 2132 1584 2171 mucrone
1615 2121 1865 2193 recludit.

396 2200 551 2255 Talia
575 2217 673 2269 per
699 2216 921 2269 campos
946 2201 1145 2257 edebat
1168 2202 1368 2257 funera
1393 2202 1590 2259 ductor

394 2287 721 2355 Dardaniae,
752 2289 1013 2343 torrentis
1037 2306 1209 2358 aquae
1235 2290 1323 2343 vel
1350 2292 1588 2347 turbinis
1613 2295 1717 2349 atri

395 2374 553 2430 More
576 2374 779 2429 furens.
856 2374 1101 2429 Tandem
1129 2386 1427 2449 erumpunt
1455 2386 1512 2436 et
1543 2391 1724 2439 castra
1745 2385 2066 2455 relinquunt

397 2462 667 2516 Ascanius
692 2478 829 2531 puer
852 2467 911 2516 et
933 2464 1264 2533 nequiquam
1293 2468 1515 2524 obsessa
1542 2472 1814 2527 iuventus.

464 2545 734 2601 Iunonem
764 2547 975 2601 interea
997 2550 1295 2619 compellat
1324 2552 1572 2623 Iuppiter
1599 2556 1776 2610 ultro:

398 2635 431 2663 “
451 2633 498 2687 Ο
522 2650 783 2703 germana
806 2633 943 2687 mihi
969 2643 1135 2705 atque
1162 2639 1353 2693 eadem
1387 2642 1700 2709 gratissima
1726 2644 1984 2712 coniunx,

396 2720 471 2774 Ut
495 2721 703 2786 rebare,
734 2720 1097 2777 Venas—nee
1126 2730 1183 2779 te
1213 2729 1489 2781 sententia
1519 2728 1734 2783 fallit——

393 2808 655 2863 Troianas
678 2812 951 2863 sustentat
975 2827 1121 2879 opes„
1156 2829 1271 2867 non
1296 2814 1484 2869 vivida
1509 2814 1654 2870 bello

392 2895 606 2951 Dextra
629 2896 765 2950 viris
790 2896 1113 2968 animusque
1142 2900 1303 2954 ferox
1332 2902 1660 2972 patiensque
1682 2904 1931 2973 pericli.''

391 2983 493 3037 Oui
520 2984 660 3038 Iuno
684 2984 987 3039 submissa:
1034 2988 1067 3015 “
1088 2986 1249 3053 Quid,
1282 3004 1317 3041 ο
1340 2987 1712 3057 pulcherrime
1737 2993 1996 3059 coniunx,

391 3070 669 3156 sollicitae
690 3088 911 3140 aegram
938 3079 996 3127 et
1018 3077 1115 3128 tua
1142 3075 1323 3129 tristia
1350 3074 1502 3130 dicta
1529 3078 1856 3134 timentem?

389 3156 447 3212 Si
470 3160 625 3228 mihi,
656 3176 797 3229 quae
822 3158 1097 3228 quondam
1122 3160 1324 3230 fuerat,
1354 3180 1628 3233 quamque
1655 3182 1774 3219 esse
1797 3166 2044 3225 decebat.

390 3244 493 3299 Vis
518 3247 577 3301 in
602 3263 793 3301 amore
820 3246 989 3301 foi-etl
1032 3262 1143 3301 non
1168 3246 1275 3303 hoc
1298 3250 1439 3304 mihi
1465 3268 1702 3321 namque
1725 3270 1972 3323 negat-ea,

390 3332 775 3401 Omnipotens,
804 3334 936 3401 quin
964 3340 1021 3387 et
1044 3351 1261 3404 pugnae
1286 3336 1592 3393 subducere
1616 3337 1880 3407 Turnum,

387 3418 462 3475 Et
484 3420 687 3477 Dauno
710 3436 929 3490 possem
954 3422 1287 3477 incolumem
1312 3438 1532 3479 servare
1556 3427 1788 3495 parenti.

2335 287 2440 338 580

2335 722 2438 773 585

2336 1156 2440 1209 590

2333 1593 2436 1647 595

2333 2038 2435 2088 600

2333 2478 2434 2531 605

2331 2914 2434 2964 610

2329 3346 2430 3395 615
