<?xml version="1.0" encoding="UTF-8"?>
<!DOCTYPE html PUBLIC "-//W3C//DTD XHTML 1.0 Transitional//EN"
    "http://www.w3.org/TR/xhtml1/DTD/xhtml1-transitional.dtd">
<html xmlns="http://www.w3.org/1999/xhtml" xml:lang="en" lang="en">
 <head>
  <title>
</title>
<meta http-equiv="Content-Type" content="text/html;charset=utf-8" />
  <meta name='ocr-system' content='tesseract 3.04.00' />
  <meta name='ocr-capabilities' content='ocr_page ocr_carea ocr_par ocr_line ocrx_word'/>
</head>
<body>
  <div class='ocr_page' id='page_1' title='image "arevisedtextpoe01virggoog_0104.png"; bbox 0 0 2725 3892; ppageno 0'>
   <div class='ocr_carea' id='block_1_1' title="bbox 1015 227 1843 280">
    <p class='ocr_par' dir='ltr' id='par_1_1' title="bbox 1015 227 1843 280">
     <span class='ocr_line' id='line_1_1' title="bbox 1015 227 1843 280; baseline 0.002 -2"><span class='ocrx_word' id='word_1_1' title='bbox 1015 227 1290 279; x_wconf 77' lang='lat' dir='ltr'>VERGILI</span> <span class='ocrx_word' id='word_1_2' title='bbox 1335 227 1709 280; x_wconf 76' lang='lat' dir='ltr'>GEORGICON</span> <span class='ocrx_word' id='word_1_3' title='bbox 1756 229 1843 280; x_wconf 76' lang='lat' dir='ltr'>IV.</span> 
     </span>
    </p>
   </div>
   <div class='ocr_carea' id='block_1_2' title="bbox 394 389 2023 3584">
    <p class='ocr_par' dir='ltr' id='par_1_2' title="bbox 394 389 2023 3584">
     <span class='ocr_line' id='line_1_2' title="bbox 407 389 1805 460; baseline 0 -14"><span class='ocrx_word' id='word_1_4' title='bbox 407 389 692 460; x_wconf 77' lang='lat' dir='ltr'>Obviaque</span> <span class='ocrx_word' id='word_1_5' title='bbox 717 389 976 460; x_wconf 86' lang='lat' dir='ltr'>hospitiis</span> <span class='ocrx_word' id='word_1_6' title='bbox 999 395 1187 444; x_wconf 81' lang='lat' dir='ltr'>teneat</span> <span class='ocrx_word' id='word_1_7' title='bbox 1211 390 1599 445; x_wconf 80' lang='lat' dir='ltr'>frondentibus</span> <span class='ocrx_word' id='word_1_8' title='bbox 1623 393 1805 446; x_wconf 84' lang='lat' dir='ltr'>arbos.</span> 
     </span>
     <span class='ocr_line' id='line_1_3' title="bbox 407 475 1850 546; baseline -0.001 -14"><span class='ocrx_word' id='word_1_9' title='bbox 407 477 472 532; x_wconf 88' lang='lat' dir='ltr'>In</span> <span class='ocrx_word' id='word_1_10' title='bbox 495 477 756 544; x_wconf 83' lang='lat' dir='ltr'>medium,</span> <span class='ocrx_word' id='word_1_11' title='bbox 783 493 878 530; x_wconf 89' lang='lat' dir='ltr'>seu</span> <span class='ocrx_word' id='word_1_12' title='bbox 905 477 1076 531; x_wconf 84' lang='lat' dir='ltr'>stabit</span> <span class='ocrx_word' id='word_1_13' title='bbox 1097 477 1260 544; x_wconf 88' lang='lat' dir='ltr'>iners,</span> <span class='ocrx_word' id='word_1_14' title='bbox 1289 493 1384 530; x_wconf 87' lang='lat' dir='ltr'>seu</span> <span class='ocrx_word' id='word_1_15' title='bbox 1411 475 1652 546; x_wconf 85' lang='lat' dir='ltr'>profluet</span> <span class='ocrx_word' id='word_1_16' title='bbox 1674 492 1850 546; x_wconf 83' lang='lat' dir='ltr'>umor,</span> 
     </span>
     <span class='ocr_line' id='line_1_4' title="bbox 405 563 1707 633; baseline -0.002 -14"><span class='ocrx_word' id='word_1_17' title='bbox 405 564 768 620; x_wconf 78' lang='lat' dir='ltr'>Transversas</span> <span class='ocrx_word' id='word_1_18' title='bbox 791 563 984 618; x_wconf 81' lang='lat' dir='ltr'>salices</span> <span class='ocrx_word' id='word_1_19' title='bbox 1009 567 1066 617; x_wconf 88' lang='lat' dir='ltr'>et</span> <span class='ocrx_word' id='word_1_20' title='bbox 1087 563 1320 633; x_wconf 75' lang='lat' dir='ltr'>grandia</span> <span class='ocrx_word' id='word_1_21' title='bbox 1342 563 1535 618; x_wconf 89' lang='lat' dir='ltr'>conice</span> <span class='ocrx_word' id='word_1_22' title='bbox 1560 579 1707 632; x_wconf 84' lang='lat' dir='ltr'>saxa,</span> 
     </span>
     <span class='ocr_line' id='line_1_5' title="bbox 404 649 1785 719; baseline -0.001 -13"><span class='ocrx_word' id='word_1_23' title='bbox 404 650 679 706; x_wconf 89' lang='lat' dir='ltr'>Pontibus</span> <span class='ocrx_word' id='word_1_24' title='bbox 703 655 766 704; x_wconf 90' lang='lat' dir='ltr'>ut</span> <span class='ocrx_word' id='word_1_25' title='bbox 789 649 998 704; x_wconf 78' lang='lat' dir='ltr'>crebris</span> <span class='ocrx_word' id='word_1_26' title='bbox 1021 651 1236 719; x_wconf 86' lang='lat' dir='ltr'>possint</span> <span class='ocrx_word' id='word_1_27' title='bbox 1261 651 1565 704; x_wconf 79' lang='lat' dir='ltr'>consistere</span> <span class='ocrx_word' id='word_1_28' title='bbox 1590 655 1649 704; x_wconf 87' lang='lat' dir='ltr'>et</span> <span class='ocrx_word' id='word_1_29' title='bbox 1670 649 1785 704; x_wconf 84' lang='lat' dir='ltr'>alas</span> 
     </span>
     <span class='ocr_line' id='line_1_6' title="bbox 404 736 1808 804; baseline -0.001 -12"><span class='ocrx_word' id='word_1_30' title='bbox 404 737 657 793; x_wconf 73' lang='lat' dir='ltr'>Pandere</span> <span class='ocrx_word' id='word_1_31' title='bbox 681 736 750 792; x_wconf 86' lang='lat' dir='ltr'>ad</span> <span class='ocrx_word' id='word_1_32' title='bbox 775 737 1047 792; x_wconf 81' lang='lat' dir='ltr'>aestivum</span> <span class='ocrx_word' id='word_1_33' title='bbox 1072 736 1262 804; x_wconf 85' lang='lat' dir='ltr'>solem,</span> <span class='ocrx_word' id='word_1_34' title='bbox 1291 737 1338 790; x_wconf 82' lang='lat' dir='ltr'>si</span> <span class='ocrx_word' id='word_1_35' title='bbox 1361 737 1514 790; x_wconf 69' lang='lat' dir='ltr'>sorte</span> <span class='ocrx_word' id='word_1_36' title='bbox 1539 737 1808 792; x_wconf 87' lang='lat' dir='ltr'>morantis</span> 
     </span>
     <span class='ocr_line' id='line_1_7' title="bbox 405 821 1955 893; baseline 0 -15"><span class='ocrx_word' id='word_1_37' title='bbox 405 823 680 893; x_wconf 75' lang='lat' dir='ltr'>sparserit</span> <span class='ocrx_word' id='word_1_38' title='bbox 701 828 800 876; x_wconf 86' lang='lat' dir='ltr'>aut</span> <span class='ocrx_word' id='word_1_39' title='bbox 823 838 1085 892; x_wconf 90' lang='lat' dir='ltr'>praeceps</span> <span class='ocrx_word' id='word_1_40' title='bbox 1111 821 1379 891; x_wconf 84' lang='lat' dir='ltr'>Neptuno</span> <span class='ocrx_word' id='word_1_41' title='bbox 1404 823 1735 877; x_wconf 77' lang='lat' dir='ltr'>immerserit</span> <span class='ocrx_word' id='word_1_42' title='bbox 1758 821 1955 879; x_wconf 84' lang='lat' dir='ltr'>Eurus.</span> 
     </span>
     <span class='ocr_line' id='line_1_8' title="bbox 405 907 1665 965; baseline -0.001 -1"><span class='ocrx_word' id='word_1_43' title='bbox 405 909 557 965; x_wconf 84' lang='lat' dir='ltr'>Haec</span> <span class='ocrx_word' id='word_1_44' title='bbox 580 911 786 964; x_wconf 86' lang='lat' dir='ltr'>circum</span> <span class='ocrx_word' id='word_1_45' title='bbox 811 909 988 964; x_wconf 78' lang='lat' dir='ltr'>casiae</span> <span class='ocrx_word' id='word_1_46' title='bbox 1013 907 1216 963; x_wconf 82' lang='lat' dir='ltr'>virides</span> <span class='ocrx_word' id='word_1_47' title='bbox 1239 915 1298 963; x_wconf 90' lang='lat' dir='ltr'>et</span> <span class='ocrx_word' id='word_1_48' title='bbox 1321 908 1532 963; x_wconf 85' lang='lat' dir='ltr'>olentia</span> <span class='ocrx_word' id='word_1_49' title='bbox 1552 907 1665 963; x_wconf 80' lang='lat' dir='ltr'>late</span> 
     </span>
     <span class='ocr_line' id='line_1_9' title="bbox 403 995 1803 1067; baseline 0 -17"><span class='ocrx_word' id='word_1_50' title='bbox 403 996 657 1067; x_wconf 77' lang='lat' dir='ltr'>Serpylla</span> <span class='ocrx_word' id='word_1_51' title='bbox 679 1002 737 1051; x_wconf 90' lang='lat' dir='ltr'>et</span> <span class='ocrx_word' id='word_1_52' title='bbox 759 996 1006 1065; x_wconf 77' lang='lat' dir='ltr'>graviter</span> <span class='ocrx_word' id='word_1_53' title='bbox 1031 995 1295 1066; x_wconf 86' lang='lat' dir='ltr'>spirantis</span> <span class='ocrx_word' id='word_1_54' title='bbox 1319 995 1485 1064; x_wconf 88' lang='lat' dir='ltr'>copia</span> <span class='ocrx_word' id='word_1_55' title='bbox 1510 995 1803 1062; x_wconf 78' lang='lat' dir='ltr'>thymbrae</span> 
     </span>
     <span class='ocr_line' id='line_1_10' title="bbox 402 1079 1784 1153; baseline -0.001 -14"><span class='ocrx_word' id='word_1_56' title='bbox 402 1083 638 1153; x_wconf 83' lang='lat' dir='ltr'>Floreat,</span> <span class='ocrx_word' id='word_1_57' title='bbox 665 1083 1054 1153; x_wconf 77' lang='lat' dir='ltr'>inriguumque</span> <span class='ocrx_word' id='word_1_58' title='bbox 1079 1081 1275 1148; x_wconf 80' lang='lat' dir='ltr'>bibant</span> <span class='ocrx_word' id='word_1_59' title='bbox 1301 1081 1531 1136; x_wconf 83' lang='lat' dir='ltr'>violaria</span> <span class='ocrx_word' id='word_1_60' title='bbox 1552 1079 1784 1137; x_wconf 86' lang='lat' dir='ltr'>fontem.</span> 
     </span>
     <span class='ocr_line' id='line_1_11' title="bbox 401 1166 1728 1239; baseline -0.002 -14"><span class='ocrx_word' id='word_1_61' title='bbox 401 1169 531 1239; x_wconf 80' lang='lat' dir='ltr'>Ipsa</span> <span class='ocrx_word' id='word_1_62' title='bbox 553 1177 754 1237; x_wconf 83' lang='lat' dir='ltr'>autem,</span> <span class='ocrx_word' id='word_1_63' title='bbox 781 1185 878 1224; x_wconf 85' lang='lat' dir='ltr'>seu</span> <span class='ocrx_word' id='word_1_64' title='bbox 903 1168 1199 1224; x_wconf 75' lang='lat' dir='ltr'>corticibus</span> <span class='ocrx_word' id='word_1_65' title='bbox 1223 1166 1325 1222; x_wconf 87' lang='lat' dir='ltr'>tibi</span> <span class='ocrx_word' id='word_1_66' title='bbox 1349 1173 1477 1222; x_wconf 86' lang='lat' dir='ltr'>suta</span> <span class='ocrx_word' id='word_1_67' title='bbox 1501 1168 1728 1237; x_wconf 84' lang='lat' dir='ltr'>cavatis,</span> 
     </span>
     <span class='ocr_line' id='line_1_12' title="bbox 401 1253 1621 1324; baseline -0.002 -14"><span class='ocrx_word' id='word_1_68' title='bbox 401 1256 510 1310; x_wconf 81' lang='lat' dir='ltr'>Seu</span> <span class='ocrx_word' id='word_1_69' title='bbox 533 1257 689 1311; x_wconf 88' lang='lat' dir='ltr'>lento</span> <span class='ocrx_word' id='word_1_70' title='bbox 713 1256 926 1310; x_wconf 76' lang='lat' dir='ltr'>suerint</span> <span class='ocrx_word' id='word_1_71' title='bbox 949 1255 1194 1310; x_wconf 80' lang='lat' dir='ltr'>alvearia</span> <span class='ocrx_word' id='word_1_72' title='bbox 1215 1253 1425 1308; x_wconf 79' lang='lat' dir='ltr'>vimine</span> <span class='ocrx_word' id='word_1_73' title='bbox 1448 1257 1621 1324; x_wconf 85' lang='lat' dir='ltr'>texta,</span> 
     </span>
     <span class='ocr_line' id='line_1_13' title="bbox 401 1340 1779 1411; baseline 0.001 -15"><span class='ocrx_word' id='word_1_74' title='bbox 401 1343 684 1411; x_wconf 78' lang='lat' dir='ltr'>Angustos</span> <span class='ocrx_word' id='word_1_75' title='bbox 707 1343 951 1398; x_wconf 83' lang='lat' dir='ltr'>habeant</span> <span class='ocrx_word' id='word_1_76' title='bbox 974 1341 1185 1397; x_wconf 81' lang='lat' dir='ltr'>aditus:</span> <span class='ocrx_word' id='word_1_77' title='bbox 1223 1357 1355 1396; x_wconf 88' lang='lat' dir='ltr'>nam</span> <span class='ocrx_word' id='word_1_78' title='bbox 1382 1340 1589 1410; x_wconf 81' lang='lat' dir='ltr'>frigore</span> <span class='ocrx_word' id='word_1_79' title='bbox 1614 1340 1779 1397; x_wconf 71' lang='lat' dir='ltr'>mella</span> 
     </span>
     <span class='ocr_line' id='line_1_14' title="bbox 401 1425 1887 1497; baseline -0.001 -15"><span class='ocrx_word' id='word_1_80' title='bbox 401 1427 568 1496; x_wconf 74' lang='lat' dir='ltr'>Oogit</span> <span class='ocrx_word' id='word_1_81' title='bbox 591 1427 782 1496; x_wconf 84' lang='lat' dir='ltr'>hiems,</span> <span class='ocrx_word' id='word_1_82' title='bbox 811 1427 1113 1497; x_wconf 84' lang='lat' dir='ltr'>eademque</span> <span class='ocrx_word' id='word_1_83' title='bbox 1135 1425 1286 1481; x_wconf 86' lang='lat' dir='ltr'>calor</span> <span class='ocrx_word' id='word_1_84' title='bbox 1309 1425 1609 1495; x_wconf 79' lang='lat' dir='ltr'>liquefacta</span> <span class='ocrx_word' id='word_1_85' title='bbox 1633 1427 1887 1481; x_wconf 78' lang='lat' dir='ltr'>remittit.</span> 
     </span>
     <span class='ocr_line' id='line_1_15' title="bbox 401 1511 1929 1584; baseline 0 -16"><span class='ocrx_word' id='word_1_86' title='bbox 401 1513 648 1584; x_wconf 87' lang='lat' dir='ltr'>Utraque</span> <span class='ocrx_word' id='word_1_87' title='bbox 670 1515 758 1568; x_wconf 85' lang='lat' dir='ltr'>vis</span> <span class='ocrx_word' id='word_1_88' title='bbox 779 1513 976 1583; x_wconf 85' lang='lat' dir='ltr'>apibus</span> <span class='ocrx_word' id='word_1_89' title='bbox 998 1513 1208 1582; x_wconf 84' lang='lat' dir='ltr'>pariter</span> <span class='ocrx_word' id='word_1_90' title='bbox 1231 1511 1557 1582; x_wconf 83' lang='lat' dir='ltr'>metuenda3</span> <span class='ocrx_word' id='word_1_91' title='bbox 1598 1529 1779 1583; x_wconf 88' lang='lat' dir='ltr'>neque</span> <span class='ocrx_word' id='word_1_92' title='bbox 1802 1511 1929 1568; x_wconf 85' lang='lat' dir='ltr'>illac</span> 
     </span>
     <span class='ocr_line' id='line_1_16' title="bbox 399 1599 1665 1670; baseline -0.001 -15"><span class='ocrx_word' id='word_1_93' title='bbox 399 1599 748 1670; x_wconf 75' lang='lat' dir='ltr'>Nequiquam</span> <span class='ocrx_word' id='word_1_94' title='bbox 772 1601 832 1654; x_wconf 91' lang='lat' dir='ltr'>in</span> <span class='ocrx_word' id='word_1_95' title='bbox 855 1601 1018 1655; x_wconf 81' lang='lat' dir='ltr'>tectis</span> <span class='ocrx_word' id='word_1_96' title='bbox 1041 1599 1296 1654; x_wconf 74' lang='lat' dir='ltr'>certatim</span> <span class='ocrx_word' id='word_1_97' title='bbox 1321 1599 1513 1654; x_wconf 80' lang='lat' dir='ltr'>tenuia</span> <span class='ocrx_word' id='word_1_98' title='bbox 1536 1613 1665 1654; x_wconf 86' lang='lat' dir='ltr'>cera</span> 
     </span>
     <span class='ocr_line' id='line_1_17' title="bbox 400 1685 1721 1757; baseline -0.001 -15"><span class='ocrx_word' id='word_1_99' title='bbox 400 1687 752 1757; x_wconf 74' lang='lat' dir='ltr'>spiramenta</span> <span class='ocrx_word' id='word_1_100' title='bbox 772 1687 970 1753; x_wconf 80' lang='lat' dir='ltr'>linunt,</span> <span class='ocrx_word' id='word_1_101' title='bbox 996 1687 1236 1756; x_wconf 71' lang='lat' dir='ltr'>fucoque</span> <span class='ocrx_word' id='word_1_102' title='bbox 1259 1691 1318 1740; x_wconf 83' lang='lat' dir='ltr'>et</span> <span class='ocrx_word' id='word_1_103' title='bbox 1339 1685 1567 1740; x_wconf 81' lang='lat' dir='ltr'>floribus</span> <span class='ocrx_word' id='word_1_104' title='bbox 1592 1701 1721 1741; x_wconf 79' lang='lat' dir='ltr'>oras</span> 
     </span>
     <span class='ocr_line' id='line_1_18' title="bbox 399 1772 1953 1844; baseline 0 -16"><span class='ocrx_word' id='word_1_105' title='bbox 399 1773 656 1844; x_wconf 86' lang='lat' dir='ltr'>Explent,</span> <span class='ocrx_word' id='word_1_106' title='bbox 685 1773 1083 1844; x_wconf 88' lang='lat' dir='ltr'>collectumque</span> <span class='ocrx_word' id='word_1_107' title='bbox 1107 1773 1244 1828; x_wconf 86' lang='lat' dir='ltr'>haec</span> <span class='ocrx_word' id='word_1_108' title='bbox 1267 1773 1391 1843; x_wconf 82' lang='lat' dir='ltr'>ipsa</span> <span class='ocrx_word' id='word_1_109' title='bbox 1414 1772 1483 1828; x_wconf 87' lang='lat' dir='ltr'>ad</span> <span class='ocrx_word' id='word_1_110' title='bbox 1508 1787 1740 1829; x_wconf 83' lang='lat' dir='ltr'>munera</span> <span class='ocrx_word' id='word_1_111' title='bbox 1760 1773 1953 1843; x_wconf 70' lang='lat' dir='ltr'>gluten</span> 
     </span>
     <span class='ocr_line' id='line_1_19' title="bbox 400 1859 1827 1930; baseline 0.001 -16"><span class='ocrx_word' id='word_1_112' title='bbox 400 1861 477 1916; x_wconf 87' lang='lat' dir='ltr'>Et</span> <span class='ocrx_word' id='word_1_113' title='bbox 504 1863 652 1916; x_wconf 83' lang='lat' dir='ltr'>visco</span> <span class='ocrx_word' id='word_1_114' title='bbox 675 1868 733 1916; x_wconf 88' lang='lat' dir='ltr'>et</span> <span class='ocrx_word' id='word_1_115' title='bbox 754 1860 1034 1930; x_wconf 75' lang='lat' dir='ltr'>Phrygiae</span> <span class='ocrx_word' id='word_1_116' title='bbox 1057 1865 1280 1915; x_wconf 81' lang='lat' dir='ltr'>servant</span> <span class='ocrx_word' id='word_1_117' title='bbox 1303 1859 1427 1929; x_wconf 88' lang='lat' dir='ltr'>pice</span> <span class='ocrx_word' id='word_1_118' title='bbox 1450 1859 1655 1914; x_wconf 81' lang='lat' dir='ltr'>lentius</span> <span class='ocrx_word' id='word_1_119' title='bbox 1678 1859 1827 1915; x_wconf 84' lang='lat' dir='ltr'>Idae.</span> 
     </span>
     <span class='ocr_line' id='line_1_20' title="bbox 401 1947 1803 2018; baseline 0 -15"><span class='ocrx_word' id='word_1_120' title='bbox 401 1947 576 2018; x_wconf 83' lang='lat' dir='ltr'>Saepe</span> <span class='ocrx_word' id='word_1_121' title='bbox 599 1949 768 2004; x_wconf 86' lang='lat' dir='ltr'>etiam</span> <span class='ocrx_word' id='word_1_122' title='bbox 792 1947 1020 2017; x_wconf 85' lang='lat' dir='ltr'>effossis,</span> <span class='ocrx_word' id='word_1_123' title='bbox 1049 1947 1095 2003; x_wconf 87' lang='lat' dir='ltr'>si</span> <span class='ocrx_word' id='word_1_124' title='bbox 1119 1963 1250 2003; x_wconf 83' lang='lat' dir='ltr'>vera</span> <span class='ocrx_word' id='word_1_125' title='bbox 1271 1954 1356 2003; x_wconf 88' lang='lat' dir='ltr'>est</span> <span class='ocrx_word' id='word_1_126' title='bbox 1380 1949 1545 2018; x_wconf 76' lang='lat' dir='ltr'>fama,</span> <span class='ocrx_word' id='word_1_127' title='bbox 1574 1947 1803 2004; x_wconf 82' lang='lat' dir='ltr'>latebris</span> 
     </span>
     <span class='ocr_line' id='line_1_21' title="bbox 401 2035 1755 2105; baseline 0 -15"><span class='ocrx_word' id='word_1_128' title='bbox 401 2035 516 2090; x_wconf 79' lang='lat' dir='ltr'>Sub</span> <span class='ocrx_word' id='word_1_129' title='bbox 541 2042 691 2091; x_wconf 86' lang='lat' dir='ltr'>terra</span> <span class='ocrx_word' id='word_1_130' title='bbox 711 2035 907 2090; x_wconf 70' lang='lat' dir='ltr'>fovere</span> <span class='ocrx_word' id='word_1_131' title='bbox 929 2035 1118 2104; x_wconf 84' lang='lat' dir='ltr'>larem,</span> <span class='ocrx_word' id='word_1_132' title='bbox 1145 2035 1479 2105; x_wconf 86' lang='lat' dir='ltr'>penitusque</span> <span class='ocrx_word' id='word_1_133' title='bbox 1502 2040 1755 2105; x_wconf 73' lang='lat' dir='ltr'>repertae</span> 
     </span>
     <span class='ocr_line' id='line_1_22' title="bbox 401 2121 1763 2193; baseline 0.001 -17"><span class='ocrx_word' id='word_1_134' title='bbox 401 2121 825 2193; x_wconf 84' lang='lat' dir='ltr'>Pumicibusque</span> <span class='ocrx_word' id='word_1_135' title='bbox 849 2122 998 2176; x_wconf 82' lang='lat' dir='ltr'>cavis</span> <span class='ocrx_word' id='word_1_136' title='bbox 1021 2137 1324 2193; x_wconf 81' lang='lat' dir='ltr'>exesaeque</span> <span class='ocrx_word' id='word_1_137' title='bbox 1347 2123 1561 2178; x_wconf 86' lang='lat' dir='ltr'>arboris</span> <span class='ocrx_word' id='word_1_138' title='bbox 1584 2129 1763 2179; x_wconf 88' lang='lat' dir='ltr'>antro.</span> 
     </span>
     <span class='ocr_line' id='line_1_23' title="bbox 400 2209 1523 2266; baseline 0.001 -2"><span class='ocrx_word' id='word_1_139' title='bbox 400 2209 482 2264; x_wconf 91' lang='lat' dir='ltr'>Tu</span> <span class='ocrx_word' id='word_1_140' title='bbox 505 2215 692 2264; x_wconf 80' lang='lat' dir='ltr'>tamen</span> <span class='ocrx_word' id='word_1_141' title='bbox 717 2215 774 2264; x_wconf 87' lang='lat' dir='ltr'>et</span> <span class='ocrx_word' id='word_1_142' title='bbox 797 2209 908 2264; x_wconf 84' lang='lat' dir='ltr'>levi</span> <span class='ocrx_word' id='word_1_143' title='bbox 931 2209 1138 2264; x_wconf 86' lang='lat' dir='ltr'>rimosa</span> <span class='ocrx_word' id='word_1_144' title='bbox 1159 2210 1366 2266; x_wconf 85' lang='lat' dir='ltr'>cubilia</span> <span class='ocrx_word' id='word_1_145' title='bbox 1388 2210 1523 2265; x_wconf 88' lang='lat' dir='ltr'>limo</span> 
     </span>
     <span class='ocr_line' id='line_1_24' title="bbox 401 2296 1889 2366; baseline -0.001 -14"><span class='ocrx_word' id='word_1_146' title='bbox 401 2296 561 2366; x_wconf 80' lang='lat' dir='ltr'>Unge</span> <span class='ocrx_word' id='word_1_147' title='bbox 583 2298 784 2351; x_wconf 75' lang='lat' dir='ltr'>fovens</span> <span class='ocrx_word' id='word_1_148' title='bbox 807 2297 1032 2364; x_wconf 87' lang='lat' dir='ltr'>circum,</span> <span class='ocrx_word' id='word_1_149' title='bbox 1059 2302 1116 2351; x_wconf 87' lang='lat' dir='ltr'>et</span> <span class='ocrx_word' id='word_1_150' title='bbox 1139 2313 1296 2351; x_wconf 84' lang='lat' dir='ltr'>raras</span> <span class='ocrx_word' id='word_1_151' title='bbox 1316 2296 1625 2366; x_wconf 86' lang='lat' dir='ltr'>superinice</span> <span class='ocrx_word' id='word_1_152' title='bbox 1648 2296 1889 2352; x_wconf 67' lang='lat' dir='ltr'>frondes.</span> 
     </span>
     <span class='ocr_line' id='line_1_25' title="bbox 401 2381 1780 2454; baseline -0.001 -16"><span class='ocrx_word' id='word_1_153' title='bbox 401 2381 524 2438; x_wconf 79' lang='lat' dir='ltr'>Neu</span> <span class='ocrx_word' id='word_1_154' title='bbox 551 2383 778 2454; x_wconf 85' lang='lat' dir='ltr'>propius</span> <span class='ocrx_word' id='word_1_155' title='bbox 795 2382 958 2438; x_wconf 84' lang='lat' dir='ltr'>tectis</span> <span class='ocrx_word' id='word_1_156' title='bbox 981 2389 1174 2436; x_wconf 83' lang='lat' dir='ltr'>taxum</span> <span class='ocrx_word' id='word_1_157' title='bbox 1201 2383 1334 2452; x_wconf 85' lang='lat' dir='ltr'>sine,</span> <span class='ocrx_word' id='word_1_158' title='bbox 1360 2398 1505 2438; x_wconf 80' lang='lat' dir='ltr'>neve</span> <span class='ocrx_word' id='word_1_159' title='bbox 1530 2383 1780 2438; x_wconf 84' lang='lat' dir='ltr'>rubentis</span> 
     </span>
     <span class='ocr_line' id='line_1_26' title="bbox 401 2468 1655 2539; baseline -0.002 -14"><span class='ocrx_word' id='word_1_160' title='bbox 401 2470 514 2525; x_wconf 89' lang='lat' dir='ltr'>Ure</span> <span class='ocrx_word' id='word_1_161' title='bbox 537 2471 666 2525; x_wconf 77' lang='lat' dir='ltr'>foco</span> <span class='ocrx_word' id='word_1_162' title='bbox 689 2485 932 2538; x_wconf 74' lang='lat' dir='ltr'>cancros,</span> <span class='ocrx_word' id='word_1_163' title='bbox 961 2469 1105 2524; x_wconf 86' lang='lat' dir='ltr'>altae</span> <span class='ocrx_word' id='word_1_164' title='bbox 1127 2483 1236 2523; x_wconf 89' lang='lat' dir='ltr'>neu</span> <span class='ocrx_word' id='word_1_165' title='bbox 1259 2468 1425 2524; x_wconf 88' lang='lat' dir='ltr'>crede</span> <span class='ocrx_word' id='word_1_166' title='bbox 1449 2468 1655 2539; x_wconf 87' lang='lat' dir='ltr'>paludi,</span> 
     </span>
     <span class='ocr_line' id='line_1_27' title="bbox 400 2555 1903 2626; baseline -0.003 -14"><span class='ocrx_word' id='word_1_167' title='bbox 400 2558 520 2612; x_wconf 82' lang='lat' dir='ltr'>Aut</span> <span class='ocrx_word' id='word_1_168' title='bbox 542 2556 640 2612; x_wconf 87' lang='lat' dir='ltr'>ubi</span> <span class='ocrx_word' id='word_1_169' title='bbox 663 2556 800 2612; x_wconf 87' lang='lat' dir='ltr'>odor</span> <span class='ocrx_word' id='word_1_170' title='bbox 824 2555 980 2612; x_wconf 84' lang='lat' dir='ltr'>caeni</span> <span class='ocrx_word' id='word_1_171' title='bbox 1004 2555 1201 2626; x_wconf 74' lang='lat' dir='ltr'>gravis,</span> <span class='ocrx_word' id='word_1_172' title='bbox 1231 2561 1330 2610; x_wconf 88' lang='lat' dir='ltr'>aut</span> <span class='ocrx_word' id='word_1_173' title='bbox 1351 2556 1449 2610; x_wconf 90' lang='lat' dir='ltr'>ubi</span> <span class='ocrx_word' id='word_1_174' title='bbox 1474 2571 1723 2611; x_wconf 74' lang='lat' dir='ltr'>concava</span> <span class='ocrx_word' id='word_1_175' title='bbox 1744 2555 1903 2624; x_wconf 87' lang='lat' dir='ltr'>pulsu</span> 
     </span>
     <span class='ocr_line' id='line_1_28' title="bbox 399 2641 1759 2712; baseline -0.003 -12"><span class='ocrx_word' id='word_1_176' title='bbox 399 2643 544 2700; x_wconf 79' lang='lat' dir='ltr'>Saxa</span> <span class='ocrx_word' id='word_1_177' title='bbox 567 2648 768 2699; x_wconf 84' lang='lat' dir='ltr'>sonant</span> <span class='ocrx_word' id='word_1_178' title='bbox 791 2642 1050 2712; x_wconf 80' lang='lat' dir='ltr'>vocisque</span> <span class='ocrx_word' id='word_1_179' title='bbox 1073 2641 1284 2698; x_wconf 76' lang='lat' dir='ltr'>offensa</span> <span class='ocrx_word' id='word_1_180' title='bbox 1307 2641 1539 2697; x_wconf 80' lang='lat' dir='ltr'>resultat</span> <span class='ocrx_word' id='word_1_181' title='bbox 1562 2643 1759 2711; x_wconf 78' lang='lat' dir='ltr'>imago.</span> 
     </span>
     <span class='ocr_line' id='line_1_29' title="bbox 468 2727 2023 2798; baseline 0 -15"><span class='ocrx_word' id='word_1_182' title='bbox 468 2729 633 2797; x_wconf 82' lang='lat' dir='ltr'>Quod</span> <span class='ocrx_word' id='word_1_183' title='bbox 657 2734 921 2798; x_wconf 80' lang='lat' dir='ltr'>superest,</span> <span class='ocrx_word' id='word_1_184' title='bbox 950 2727 1045 2783; x_wconf 90' lang='lat' dir='ltr'>ubi</span> <span class='ocrx_word' id='word_1_185' title='bbox 1063 2727 1272 2798; x_wconf 78' lang='lat' dir='ltr'>pulsam</span> <span class='ocrx_word' id='word_1_186' title='bbox 1297 2727 1537 2784; x_wconf 85' lang='lat' dir='ltr'>hiemem</span> <span class='ocrx_word' id='word_1_187' title='bbox 1562 2727 1659 2783; x_wconf 82' lang='lat' dir='ltr'>Sol</span> <span class='ocrx_word' id='word_1_188' title='bbox 1684 2741 1883 2783; x_wconf 80' lang='lat' dir='ltr'>aureus</span> <span class='ocrx_word' id='word_1_189' title='bbox 1906 2728 2023 2796; x_wconf 75' lang='lat' dir='ltr'>egit</span> 
     </span>
     <span class='ocr_line' id='line_1_30' title="bbox 397 2813 1703 2885; baseline -0.002 -13"><span class='ocrx_word' id='word_1_190' title='bbox 397 2817 512 2872; x_wconf 80' lang='lat' dir='ltr'>Sub</span> <span class='ocrx_word' id='word_1_191' title='bbox 535 2823 714 2871; x_wconf 78' lang='lat' dir='ltr'>terras</span> <span class='ocrx_word' id='word_1_192' title='bbox 735 2815 1058 2885; x_wconf 87' lang='lat' dir='ltr'>caelumque</span> <span class='ocrx_word' id='word_1_193' title='bbox 1081 2816 1292 2870; x_wconf 76' lang='lat' dir='ltr'>aestiva</span> <span class='ocrx_word' id='word_1_194' title='bbox 1312 2815 1437 2870; x_wconf 88' lang='lat' dir='ltr'>luce</span> <span class='ocrx_word' id='word_1_195' title='bbox 1460 2813 1703 2884; x_wconf 81' lang='lat' dir='ltr'>reclusit,</span> 
     </span>
     <span class='ocr_line' id='line_1_31' title="bbox 395 2902 1634 2981; baseline -0.002 -21"><span class='ocrx_word' id='word_1_196' title='bbox 395 2903 531 2960; x_wconf 72' lang='lat' dir='ltr'>mae</span> <span class='ocrx_word' id='word_1_197' title='bbox 555 2903 822 2958; x_wconf 89' lang='lat' dir='ltr'>continuo</span> <span class='ocrx_word' id='word_1_198' title='bbox 845 2902 1018 2958; x_wconf 80' lang='lat' dir='ltr'>saltus</span> <span class='ocrx_word' id='word_1_199' title='bbox 1041 2902 1316 2972; x_wconf 79' lang='lat' dir='ltr'>silvasque</span> <span class='ocrx_word' id='word_1_200' title='bbox 1337 2913 1634 2981; x_wconf 53' lang='lat' dir='ltr'>peragrarit</span> 
     </span>
     <span class='ocr_line' id='line_1_32' title="bbox 395 2989 1785 3060; baseline -0.001 -16"><span class='ocrx_word' id='word_1_201' title='bbox 395 2991 819 3060; x_wconf 76' lang='lat' dir='ltr'>Purpureusque</span> <span class='ocrx_word' id='word_1_202' title='bbox 841 2995 1062 3044; x_wconf 86' lang='lat' dir='ltr'>metunt</span> <span class='ocrx_word' id='word_1_203' title='bbox 1085 2990 1252 3046; x_wconf 80' lang='lat' dir='ltr'>flores</span> <span class='ocrx_word' id='word_1_204' title='bbox 1275 2994 1333 3045; x_wconf 88' lang='lat' dir='ltr'>et</span> <span class='ocrx_word' id='word_1_205' title='bbox 1355 2990 1586 3045; x_wconf 87' lang='lat' dir='ltr'>flumina</span> <span class='ocrx_word' id='word_1_206' title='bbox 1606 2989 1785 3044; x_wconf 84' lang='lat' dir='ltr'>libant</span> 
     </span>
     <span class='ocr_line' id='line_1_33' title="bbox 395 3075 1890 3146; baseline -0.001 -14"><span class='ocrx_word' id='word_1_207' title='bbox 395 3075 622 3132; x_wconf 84' lang='lat' dir='ltr'>Summa</span> <span class='ocrx_word' id='word_1_208' title='bbox 642 3075 808 3132; x_wconf 78' lang='lat' dir='ltr'>leves.</span> <span class='ocrx_word' id='word_1_209' title='bbox 883 3075 1030 3131; x_wconf 88' lang='lat' dir='ltr'>Hinc</span> <span class='ocrx_word' id='word_1_210' title='bbox 1054 3075 1240 3131; x_wconf 89' lang='lat' dir='ltr'>nescio</span> <span class='ocrx_word' id='word_1_211' title='bbox 1265 3093 1377 3146; x_wconf 85' lang='lat' dir='ltr'>qua</span> <span class='ocrx_word' id='word_1_212' title='bbox 1398 3075 1689 3132; x_wconf 84' lang='lat' dir='ltr'>dulcedine</span> <span class='ocrx_word' id='word_1_213' title='bbox 1712 3076 1890 3132; x_wconf 73' lang='lat' dir='ltr'>laetae</span> 
     </span>
     <span class='ocr_line' id='line_1_34' title="bbox 394 3162 1823 3234; baseline 0.001 -17"><span class='ocrx_word' id='word_1_214' title='bbox 394 3162 722 3232; x_wconf 75' lang='lat' dir='ltr'>Progeniem</span> <span class='ocrx_word' id='word_1_215' title='bbox 745 3163 1016 3234; x_wconf 86' lang='lat' dir='ltr'>nidosque</span> <span class='ocrx_word' id='word_1_216' title='bbox 1041 3163 1415 3233; x_wconf 43' lang='lat' dir='ltr'>fovenz-hinc</span> <span class='ocrx_word' id='word_1_217' title='bbox 1439 3169 1559 3218; x_wconf 77' lang='lat' dir='ltr'>arte</span> <span class='ocrx_word' id='word_1_218' title='bbox 1582 3163 1823 3218; x_wconf 84' lang='lat' dir='ltr'>recentis</span> 
     </span>
     <span class='ocr_line' id='line_1_35' title="bbox 394 3249 1637 3320; baseline 0.002 -16"><span class='ocrx_word' id='word_1_219' title='bbox 394 3249 694 3306; x_wconf 83' lang='lat' dir='ltr'>Excudunt</span> <span class='ocrx_word' id='word_1_220' title='bbox 717 3267 872 3306; x_wconf 79' lang='lat' dir='ltr'>ceras</span> <span class='ocrx_word' id='word_1_221' title='bbox 891 3255 952 3306; x_wconf 88' lang='lat' dir='ltr'>et</span> <span class='ocrx_word' id='word_1_222' title='bbox 973 3249 1140 3305; x_wconf 87' lang='lat' dir='ltr'>mella</span> <span class='ocrx_word' id='word_1_223' title='bbox 1161 3252 1381 3305; x_wconf 81' lang='lat' dir='ltr'>tenacia</span> <span class='ocrx_word' id='word_1_224' title='bbox 1403 3249 1637 3320; x_wconf 77' lang='lat' dir='ltr'>fingunt.</span> 
     </span>
     <span class='ocr_line' id='line_1_36' title="bbox 397 3336 1751 3396; baseline 0.001 -5"><span class='ocrx_word' id='word_1_225' title='bbox 397 3337 542 3393; x_wconf 84' lang='lat' dir='ltr'>Hinc</span> <span class='ocrx_word' id='word_1_226' title='bbox 566 3339 658 3394; x_wconf 88' lang='lat' dir='ltr'>ubi</span> <span class='ocrx_word' id='word_1_227' title='bbox 684 3338 796 3394; x_wconf 86' lang='lat' dir='ltr'>iam</span> <span class='ocrx_word' id='word_1_228' title='bbox 821 3339 1079 3394; x_wconf 86' lang='lat' dir='ltr'>emissum</span> <span class='ocrx_word' id='word_1_229' title='bbox 1106 3338 1294 3396; x_wconf 76' lang='lat' dir='ltr'>caveis</span> <span class='ocrx_word' id='word_1_230' title='bbox 1315 3337 1385 3393; x_wconf 86' lang='lat' dir='ltr'>ad</span> <span class='ocrx_word' id='word_1_231' title='bbox 1410 3338 1591 3393; x_wconf 85' lang='lat' dir='ltr'>sidera</span> <span class='ocrx_word' id='word_1_232' title='bbox 1613 3336 1751 3392; x_wconf 83' lang='lat' dir='ltr'>caeli</span> 
     </span>
     <span class='ocr_line' id='line_1_37' title="bbox 395 3423 1796 3496; baseline 0.001 -18"><span class='ocrx_word' id='word_1_233' title='bbox 395 3423 545 3481; x_wconf 75' lang='lat' dir='ltr'>Nure</span> <span class='ocrx_word' id='word_1_234' title='bbox 566 3441 666 3496; x_wconf 82' lang='lat' dir='ltr'>per</span> <span class='ocrx_word' id='word_1_235' title='bbox 689 3430 952 3482; x_wconf 76' lang='lat' dir='ltr'>aestatem</span> <span class='ocrx_word' id='word_1_236' title='bbox 977 3423 1240 3496; x_wconf 86' lang='lat' dir='ltr'>liquidam</span> <span class='ocrx_word' id='word_1_237' title='bbox 1267 3425 1577 3495; x_wconf 83' lang='lat' dir='ltr'>suspexeris</span> <span class='ocrx_word' id='word_1_238' title='bbox 1598 3439 1796 3494; x_wconf 76' lang='lat' dir='ltr'>agmen</span> 
     </span>
     <span class='ocr_line' id='line_1_38' title="bbox 395 3510 1721 3584; baseline 0 -19"><span class='ocrx_word' id='word_1_239' title='bbox 395 3510 808 3584; x_wconf 83' lang='lat' dir='ltr'>Obscuramque</span> <span class='ocrx_word' id='word_1_240' title='bbox 833 3511 980 3568; x_wconf 83' lang='lat' dir='ltr'>trahi</span> <span class='ocrx_word' id='word_1_241' title='bbox 1008 3519 1178 3567; x_wconf 83' lang='lat' dir='ltr'>vento</span> <span class='ocrx_word' id='word_1_242' title='bbox 1200 3513 1475 3568; x_wconf 81' lang='lat' dir='ltr'>mirabere</span> <span class='ocrx_word' id='word_1_243' title='bbox 1500 3511 1721 3578; x_wconf 81' lang='lat' dir='ltr'>nubem,</span> 
     </span>
    </p>
   </div>
   <div class='ocr_carea' id='block_1_3' title="bbox 2369 914 2441 966">
    <p class='ocr_par' dir='ltr' id='par_1_3' title="bbox 2369 914 2441 966">
     <span class='ocr_line' id='line_1_39' title="bbox 2369 914 2441 966; baseline 0.014 -1"><span class='ocrx_word' id='word_1_244' title='bbox 2369 914 2441 966; x_wconf 80' lang='lat'>80</span> 
     </span>
    </p>
   </div>
  </div>
 </body>
</html>
