2725 3892
956 223 1232 273 VERGILI
1275 222 1605 272 AENEIDOS
1650 223 1715 272 V.

318 385 422 439 Hic
445 384 712 438 membris
738 389 797 436 et
821 383 966 437 mole
993 384 1208 451 valens3
1251 383 1346 436 sed
1372 383 1535 436 tarda
1558 382 1822 437 trementi

315 471 514 525 Genua
534 469 744 538 labant,
775 475 962 523 vastos
985 471 1164 538 quatit
1201 487 1362 538 aeger
1389 469 1666 524 anhelitus
1690 472 1855 523 artus.

315 557 496 611 Multa
517 556 620 610 viri
649 556 984 626 nequiquam
1008 556 1155 610 inter
1181 573 1238 610 se
1263 557 1493 610 volnera
1518 557 1742 619 iactant,

315 641 493 696 Multa
515 657 655 696 cavo
678 639 840 694 lateri
867 642 1210 708 ingeminant
1232 646 1289 694 et
1313 645 1540 709 pectore
1564 645 1753 693 vastos

316 729 466 786 Dant
489 729 720 796 sonituS,
749 733 1006 796 erratque
1031 729 1180 782 auris
1203 739 1262 782 et
1285 733 1541 796 tempora
1566 727 1773 780 circum

316 815 528 870 Crebra
550 831 760 882 manue,
787 815 928 868 duro
953 815 1227 883 crepitant
1253 815 1354 869 sub
1380 814 1605 868 volnere
1627 813 1825 868 malae.

313 903 438 956 Stat
461 903 647 970 gravia
666 901 920 955 Entellus
944 901 1176 970 nisuque
1201 901 1467 954 immotus
1490 900 1701 968 eodem,

315 987 564 1057 Corpore
589 988 702 1042 tela
727 988 892 1042 modo
917 993 1084 1057 atque
1109 987 1282 1041 oculis
1309 986 1663 1055 vigilantibus
1686 979 1831 1052 exit;

315 1075 430 1142 Ille,
461 1075 613 1128 velut
637 1075 836 1130 celsam
861 1079 1147 1144 oppugnat
1173 1075 1267 1144 qui
1291 1073 1531 1127 molibus
1553 1073 1765 1141 urbem,

314 1164 431 1215 Aut
455 1167 722 1216 montana
744 1161 898 1215 sedet
923 1163 1130 1216 circum
1158 1160 1384 1215 castella
1408 1160 1509 1214 sub
1528 1160 1711 1227 armis,

313 1248 370 1302 N
371 1265 478 1302 une
503 1247 622 1316 hoe,
649 1264 797 1302 nunc
821 1248 946 1302 illos
971 1249 1168 1317 adituS,
1201 1263 1531 1316 omnemque
1556 1251 1807 1315 pererrat

315 1335 454 1389 Arte
478 1335 677 1404 locum,
707 1340 766 1389 et
789 1336 957 1390 variis
981 1335 1286 1390 adsultibus
1315 1333 1517 1388 inritus
1540 1338 1715 1401 urget.

315 1422 573 1476 Ostendit
597 1423 847 1477 dextram
871 1423 1160 1491 insurgens
1187 1421 1441 1475 Entellus
1466 1425 1525 1474 et
1549 1419 1659 1474 alte

312 1509 560 1564 Extulit:
602 1509 696 1564 ille
721 1509 892 1563 ictum
920 1511 1230 1563 venientem
1259 1526 1292 1563 a
1317 1508 1525 1562 vertice
1550 1506 1713 1560 velox

312 1596 610 1664 Praevidit,
639 1596 912 1666 celerique
931 1597 1146 1664 elapsus
1173 1611 1402 1664 corpore
1429 1594 1623 1661 cessit3

312 1683 566 1738 Entellus
589 1685 724 1738 viris
748 1684 806 1738 in
831 1688 1058 1737 ventum
1085 1684 1297 1748 effudit,
1327 1687 1384 1736 et
1408 1681 1559 1736 ultro

313 1771 437 1838 Ipse
462 1771 644 1840 gravis
669 1771 1018 1840 graviterque
1043 1771 1114 1824 ad
1139 1775 1344 1824 terram
1371 1769 1619 1838 pondere
1646 1774 1805 1823 vasto

315 1857 603 1912 Concidit:
645 1863 708 1912 ut
733 1858 1008 1928 quondam
1048 1875 1186 1913 cava
1209 1857 1451 1912 concidit
1474 1861 1571 1911 aut
1597 1855 1942 1924 Erymantho

317 1945 432 1998 Aut
456 1944 557 1999 Ida
577 1946 639 1998 in
663 1961 864 2013 magna
887 1945 1164 1999 radicibus
1187 1950 1346 1998 eruta
1368 1947 1544 2014 pinus.

315 2030 669 2100 Consurgunt
693 2032 890 2085 studiis
913 2031 1109 2085 Teucri
1135 2036 1194 2085 et
1216 2031 1499 2086 Trinacria
1528 2033 1731 2100 pubes;

314 2117 368 2171 It
391 2118 596 2172 clamor
620 2119 790 2186 caelo,
823 2119 1136 2186 primusque
1163 2118 1400 2172 accurrit
1430 2118 1679 2184 Acestes,

316 2204 780 2274 Aequaevumque
805 2205 876 2259 ab
900 2203 1074 2258 humo
1097 2205 1366 2258 miserans
1393 2204 1599 2258 attollit
1624 2205 1877 2259 amicum.

313 2291 394 2346 At
417 2307 529 2346 non
555 2292 806 2346 tardatus
829 2308 959 2346 casu
985 2306 1166 2360 neque
1190 2291 1421 2345 territus
1448 2291 1609 2345 heros

314 2379 516 2433 Acrior
539 2378 611 2433 ad
634 2395 874 2447 pugnam
901 2377 1060 2446 redit,
1090 2393 1154 2432 ac
1181 2378 1294 2432 vim
1321 2378 1555 2432 suscitat
1580 2378 1693 2447 ira;

314 2464 450 2518 Tum
477 2465 658 2534 pudor
679 2465 930 2519 incendit
954 2465 1086 2518 viris
1111 2470 1170 2518 et
1191 2465 1411 2520 conscia
1434 2466 1639 2532 virtum

313 2550 784 2621 Praecipitemque
808 2551 996 2606 Daren
1022 2551 1218 2606 ardens
1242 2552 1358 2620 agit
1386 2567 1625 2620 aequore
1647 2555 1785 2619 toto,

313 2636 478 2693 Nunc
502 2639 700 2692 dextra
721 2638 1066 2706 ingeminans
1091 2637 1249 2705 ictus,
1277 2655 1429 2692 nunc
1455 2638 1547 2692 ille
1572 2639 1823 2704 sinistra3

315 2723 436 2778 Nec
457 2741 630 2789 mora,
657 2740 762 2778 nec
785 2726 1026 2794 requies:
1071 2741 1234 2794 quam
1259 2713 1435 2779 multa
1458 2724 1727 2792 grandine
1752 2724 1929 2778 nimbi

316 2811 662 2865 Culminibus
685 2811 976 2880 crepitant,
1011 2811 1090 2865 sic
1116 2811 1302 2866 densis
1331 2810 1535 2865 ictibus
1560 2811 1723 2866 heros

316 2898 522 2953 Creber
545 2903 780 2968 utraque
805 2915 970 2952 manu
999 2898 1184 2967 pulsat
1210 2903 1499 2966 versatque
1525 2897 1752 2952 Dareta.

315 2984 453 3037 Tum
475 2991 634 3055 pater
660 2984 880 3038 Aeneas
903 2984 1204 3054 procedere
1230 2983 1451 3052 longius
1475 2983 1589 3038 iras

315 3071 387 3124 Et
411 3071 622 3126 saevire
646 3071 844 3126 animis
867 3069 1146 3124 Entellum
1171 3070 1324 3125 haud
1349 3087 1541 3139 passus
1565 3069 1795 3138 acerbis,

317 3157 426 3210 Sed
446 3157 614 3210 finem
639 3157 904 3226 imposuit
927 3173 1160 3225 pugnae,
1187 3157 1501 3225 fessumque
1525 3155 1735 3210 Dareta

317 3242 550 3313 Eripuit,
577 3243 828 3298 mulcens
850 3243 1030 3310 dictis,
1059 3259 1124 3296 ac
1148 3243 1282 3296 talia
1303 3243 1489 3296 fatur:

321 3331 354 3359 “
369 3329 584 3396 Infelix,
615 3347 754 3400 quae
778 3335 938 3384 tanta
962 3329 1205 3383 animum
1233 3328 1511 3382 dementia
1535 3328 1721 3395 cepit?

319 3415 444 3470 Non
467 3417 600 3471 viris
625 3417 757 3471 alias
792 3430 1164 3482 conversaque
1187 3415 1418 3468 numina
1442 3413 1647 3468 sentis?

321 3501 466 3558 Oede
492 3503 653 3558 deo.”
726 3497 994 3571 Diixitque
1019 3505 1076 3553 et
1101 3500 1308 3568 proclia
1329 3516 1467 3553 voce
1492 3497 1735 3552 diremit.

2248 729 2353 782 435

2248 1163 2353 1216 440

2244 2033 2351 2086 450

2248 2465 2351 2518 455

2248 2899 2357 2952 460

2250 3291 2461 3382 465¹
