2725 3892
973 234 1248 283 VERGILI
1295 235 1623 286 AENEIDOS
1667 237 1729 287 X.

335 395 616 467 Expositis
641 394 824 449 stabat
849 394 1010 449 scalis
1035 398 1092 449 et
1115 399 1288 463 ponte
1313 402 1526 464 parat0,

336 484 460 549 Qua
482 500 580 537 rex
606 482 846 537 Clusinis
871 482 1132 536 advectus
1157 482 1379 541 Osinius
1404 484 1533 537 oris.
2268 488 2369 540 655

337 570 460 633 Huc
484 586 602 623 sese
627 568 846 638 trepida
869 569 1094 623 Aeneae
1116 568 1381 637 fugientis
1403 570 1585 637 imago

336 658 554 711 Conicit
577 658 638 710 in
663 656 936 732 latebras;
978 672 1078 709 nec
1103 655 1320 710 Turnus
1345 658 1569 725 segnior
1594 658 1781 726 instat,

333 744 752 813 Exsuperatque
775 758 975 810 moras,
1007 748 1064 797 et
1087 744 1276 811 pontis
1299 745 1541 798 transilit
1567 744 1728 799 altos,

334 830 452 885 Vix
477 846 698 899 proram
725 830 1020 896 attigerat:
1061 832 1269 898 rumpit
1296 830 1557 885 Saturnia
1580 834 1787 900 funem,

336 918 714 986 Avulsamque
739 916 884 985 rapit
907 916 1163 969 revoluta
1186 932 1284 985 per
1311 934 1553 985 aequora
1578 935 1795 974 navem.
2270 924 2373 975 660

335 1005 476 1059 Tum
500 1004 638 1059 levis
661 1003 810 1058 haud
835 1003 982 1057 ultra
1007 996 1243 1058 latebras
1268 1004 1377 1057 iam
1411 1006 1625 1074 quaerit
1648 1008 1845 1076 imagO,

335 1092 442 1146 Sed
471 1091 702 1145 sublime
729 1090 922 1145 volans
945 1092 1078 1144 nubi
1105 1106 1162 1145 se
1189 1090 1491 1145 immiscuit
1518 1100 1687 1149 atrae.

335 1178 496 1233 Illum
525 1182 710 1233 autem
735 1177 955 1231 Aeneas
984 1179 1266 1232 absentem
1295 1168 1595 1249 in'proelia
1618 1182 1828 1251 poscit:

336 1266 516 1320 Obvia
539 1263 714 1319 multa
739 1264 920 1318 virum
944 1264 1189 1318 demittit
1218 1282 1452 1335 corpora
1476 1270 1677 1323 morti:

336 1354 478 1408 Cum
503 1351 746 1406 Turnum
775 1350 957 1405 medio
981 1334 1194 1406 interea
1223 1354 1334 1407 fert
1363 1372 1601 1425 aequore
1622 1356 1807 1411 turbo.
2272 1361 2372 1411 665

267 1430 304 1470 s
333 1440 582 1510 Respicit
603 1441 828 1510 ignarus
852 1457 1034 1495 rerum
1063 1444 1419 1513 ingrat-usque
1447 1444 1653 1511 salutis,

331 1528 408 1582 Et
432 1527 668 1596 duplicis
692 1544 816 1583 cum
845 1523 1200 1583 voee'manus
1225 1532 1290 1583 ad
1320 1531 1501 1585 sidera
1526 1532 1736 1587 tendit:

338 1617 372 1647 ‘⁸
389 1614 756 1683 Omnipotens
777 1615 1012 1684 genitor,
1041 1612 1255 1671 tantou'
1285 1634 1373 1671 me
1398 1618 1629 1672 crimine
1654 1618 1880 1687 dignum

332 1701 570 1769 Duxisti,
599 1705 657 1754 et
682 1700 810 1755 talis
832 1701 1054 1757 voluisti
1080 1704 1391 1773 expendere
1414 1706 1661 1774 poenas?

260 1785 312 1831 ³!
336 1789 461 1856 Quo
485 1789 676 1843 feror?
715 1788 864 1843 unde
890 1789 1041 1844 abii?
1079 1808 1220 1860 quae
1245 1810 1332 1846 me
1357 1794 1506 1861 fuga,
1536 1809 1771 1861 quemve
1804 1793 2055 1848 reducit?
2270 1795 2373 1849 670

335 1874 696 1932 Laurentisne
721 1876 922 1933 iterum
948 1894 1137 1933 muros
1161 1886 1258 1935 aut
1283 1886 1463 1935 castra
1488 1880 1726 1935 videbo?

334 1964 484 2029 Quid
506 1982 702 2019 manus
725 1965 820 2021 illa
843 1966 1042 2027 virum.
1071 1968 1163 2037 qui
1191 1984 1280 2020 me
1303 1984 1535 2039 meaque
1560 1983 1716 2021 arma
1737 1968 1909 2021 secuti
1928 1966 1949 2021 8

335 2051 1074 2123 Quosque—nefas—omnis
1098 2054 1325 2109 infanda
1349 2056 1403 2109 in
1434 2060 1613 2109 morte
1637 2054 1849 2124 reliqui,

331 2138 410 2193 Et
433 2156 583 2194 nunc
606 2139 844 2209 palantis
869 2140 1046 2209 vide0,
1070 2143 1445 2211 gemitumque
1470 2142 1763 2197 cadentum

334 2228 610 2297 Accipio?
683 2229 829 2295 Quid
854 2232 996 2300 ago?
1037 2235 1134 2285 aut
1159 2246 1300 2299 quae
1323 2230 1434 2283 iam
1460 2230 1592 2283 satis
1617 2230 1727 2283 ima
1750 2224 1999 2283 dehiscat
2270 2230 2369 2285 ⁶75

333 2315 504 2370 Terra
529 2316 704 2372 mihi?
779 2316 898 2373 Vos
925 2336 958 2373 o
983 2318 1170 2389 potius
1197 2316 1550 2383 miserescite,
1579 2317 1731 2370 venti
1755 2334 1767 2383 3

333 2403 398 2457 In
423 2420 604 2474 rupes,
632 2406 692 2460 in
714 2406 1110 2461 saxa—volens
1136 2422 1236 2460 vos
1261 2406 1479 2458 Turnus
1506 2404 1753 2459 adoro-e

333 2488 502 2553 Ferte
525 2497 716 2561 ratem,
745 2493 1032 2562 saevisque
1059 2492 1215 2545 vadis
1239 2490 1525 2559 immittite
1551 2488 1745 2557 Syrtis,

335 2575 458 2640 Quo
484 2594 661 2648 neque
685 2596 778 2633 me
801 2578 1010 2643 Rutuli,
1040 2595 1144 2633 nec
1169 2578 1391 2632 conscia
1418 2578 1567 2630 fama
1590 2577 1905 2645 sequatur.”

335 2662 488 2719 Haec
511 2682 826 2722 memorans
850 2668 1036 2722 animo
1063 2683 1209 2721 nunc
1231 2667 1344 2721 huc
1371 2682 1519 2719 nunc
1542 2664 1771 2721 fluctuat
1796 2663 1958 2725 illuoz
2271 2664 2371 2717 680

335 2752 426 2803 An
452 2768 572 2808 sese
593 2769 857 2808 mucrone
882 2754 953 2808 ob
980 2759 1196 2809 tanturn
1225 2753 1467 2808 dedecus
1493 2766 1681 2806 amens

335 2836 550 2908 Induat,
582 2846 640 2895 et
663 2840 893 2895 crudum
917 2858 1019 2910 per
1043 2846 1224 2895 costas
1251 2842 1438 2909 exigat
1466 2854 1651 2893 ensem
1674 2856 1687 2903 ς

335 2926 620 2983 Fluctibus
645 2946 714 2983 an
741 2929 909 2983 iaciat
933 2928 1141 2995 mediis,
1172 2934 1228 2982 et
1251 2928 1419 2982 litora
1444 2927 1631 2981 nando

337 3014 521 3069 Curva
543 3020 712 3085 petat,
741 3015 1118 3084 Teucrumque
1144 3016 1345 3069 iterum
1374 3032 1433 3068 se
1456 3013 1655 3069 reddat
1678 3013 1733 3066 in
1762 3028 1931 3067 arma.

335 3098 442 3155 Ter
465 3107 696 3156 conatus
719 3106 1010 3172 utramque
1038 3102 1216 3167 viam3
1258 3108 1346 3155 ter
1373 3101 1615 3155 maxima
1642 3100 1781 3153 Iuno
2278 3102 2383 3153 685

337 3188 643 3257 Continuit,
673 3190 1038 3257 iuvenemque
1063 3178 1248 3243 animo
1273 3190 1531 3242 miserata
1560 3188 1840 3255 repressit.

335 3274 566 3329 Labitur
589 3276 701 3330 alta
725 3292 918 3330 secans
941 3275 1218 3345 fluctuque
1244 3282 1508 3345 aestuque
1534 3274 1792 3342 secund0,

335 3360 411 3417 Et
435 3364 611 3432 patris
636 3363 917 3432 antiquam
945 3362 1128 3416 Dauni
1153 3363 1399 3417 defertur
1426 3362 1493 3417 ad
1520 3362 1733 3415 urbem.

407 3449 489 3503 At
513 3448 663 3504 Iovis
687 3451 902 3504 interea
923 3449 1150 3503 monitis
1173 3448 1705 3503 Mezentiusardens

338 3536 597 3591 Succedit
619 3552 854 3605 pugnae,
885 3536 1230 3604 Teucrosque
1254 3533 1469 3588 invadit
1494 3534 1725 3587 ovantis.
2290 3528 2395 3579 690
