2725 3892
997 177 1274 232 vanum
1319 177 1651 228 AEN'EIDOS
1692 177 1757 228 V.

361 339 436 394 Et
459 344 674 395 tantum
701 355 984 409 superesse
1007 339 1207 394 maris!
1249 353 1358 393 vox
1386 339 1644 392 omnibus
1668 353 1795 392 uua.

363 426 570 482 Urbem
597 431 790 492 orant3
831 426 1020 481 taedet
1041 425 1222 495 pelagi
1245 425 1491 494 perferre
1514 425 1779 480 laborem.

362 512 510 582 Ergo
535 513 681 566 inter
705 513 916 566 medias
939 529 1058 566 sese
1081 511 1230 568 haud
1253 513 1451 580 ignara
1470 511 1709 566 nocendi

364 599 598 669 Gonicit,
627 605 684 654 et
707 599 1020 670 faciemque
1045 599 1180 653 deae
1205 604 1527 668 vestemque
1550 599 1803 668 reponit,

363 686 455 741 Fit
479 686 670 754 Beroe,
700 685 906 741 Tmarii
931 685 1173 741 coniunx
1197 685 1470 755 longaeva
1496 684 1739 752 Dorycli,

363 773 467 828 Oui
491 789 664 842 genus
687 778 746 827 et
770 772 1044 842 quondam
1069 789 1272 828 nomen
1297 772 1527 842 natique
1552 772 1817 838 fuissent3

363 860 449 914 Ac
473 860 551 914 sic
577 859 950 914 Dardanidum
977 859 1216 914 mediam
1241 875 1300 914 se
1325 859 1599 914 matribus
1622 859 1820 912 infert:

367 949 400 976 ‘⁴
421 946 469 1000 Ο
493 946 741 1014 miserae,
770 962 905 1016 quas
927 961 1039 1000 non
1065 963 1262 1002 manus
1277 946 1310 974 ”
1337 945 1521 1016 iuquit
1542 947 1573 974 “
1588 945 1833 1000 Achaica
1857 943 2003 998 bello

363 1031 612 1087 Traxerit
636 1031 706 1088 ad
729 1033 904 1088 letum
928 1032 1144 1101 patriae
1165 1033 1267 1087 sub
1291 1032 1610 1087 moenibus!
1652 1048 1689 1087 o
1710 1047 1847 1101 gens

362 1118 579 1189 Infelix,
609 1119 697 1174 cui
717 1125 775 1174 te
799 1119 970 1174 exitio
993 1119 1241 1174 Fortuna
1263 1120 1550 1175 reservati

361 1205 610 1274 Septima
633 1211 759 1274 post
783 1204 979 1260 Troiae
1008 1205 1312 1260 exscidium
1337 1208 1453 1261 iam
1477 1207 1715 1260 vertitur
1740 1209 1935 1273 aestas,

363 1292 504 1348 Oum
529 1292 682 1360 freta,
711 1309 835 1347 cum
861 1298 1039 1347 terras
1063 1293 1258 1362 omnis,
1287 1298 1375 1347 tot
1396 1293 1677 1362 inhospita
1695 1308 1831 1346 saxa

363 1377 664 1448 Sideraque
689 1393 944 1432 emensae
971 1378 1218 1447 terimur,
1248 1379 1382 1434 dum
1405 1395 1507 1448 per
1530 1395 1683 1434 mare
1712 1394 1973 1446 maguum

363 1464 580 1520 Italiam
604 1465 884 1535 sequimur
911 1465 1236 1534 fugientem,
1265 1473 1324 1522 et
1348 1466 1625 1522 volvimur
1648 1465 1829 1520 undis.

367 1551 472 1607 Hic
495 1552 690 1620 Erycis
713 1551 850 1606 fines
873 1551 1128 1622 trater-ni,
1156 1559 1324 1622 atque
1348 1554 1553 1622 hospes
1578 1553 1837 1606 Acestes:

365 1638 502 1705 Quis
524 1638 788 1708 prohibet
810 1655 1000 1694 muros
1023 1640 1204 1694 iacere
1228 1647 1288 1695 et
1310 1639 1443 1694 dare
1466 1640 1681 1694 civibus
1704 1639 1941 1692 urbemi

364 1725 415 1780 Ο
441 1725 624 1794 patria
646 1730 704 1780 et
728 1725 874 1794 rapti
899 1727 1232 1796 nequiquam
1257 1743 1326 1780 ex
1349 1726 1515 1782 hoste
1537 1726 1792 1793 Penates,

366 1811 602 1866 Nullane
627 1812 735 1866 iam
763 1813 960 1868 Troiae
987 1813 1240 1868 dicentur
1269 1813 1527 1867 moenia?
1565 1827 1833 1881 nusquam

365 1898 670 1954 Hectoreos
694 1900 884 1968 amuis,
913 1900 1198 1956 Xanthum
1225 1905 1282 1953 et
1307 1898 1609 1968 Simoenta,
1638 1899 1872 1954 videbo?

365 1985 514 2052 Quin
539 1988 684 2055 agite
711 1992 768 2041 et
795 2003 1009 2042 mecum
1033 1987 1302 2042 infaustas
1327 1986 1541 2042 exurite
1565 1986 1781 2054 puppis.

365 2071 508 2128 Nam
537 2074 672 2127 mihi
699 2073 1038 2130 Cassandrae
1061 2091 1162 2143 per
1187 2089 1443 2127 somnum
1466 2073 1609 2128 vatis
1632 2073 1815 2140 imago

365 2161 631 2215 Ardentis
654 2160 787 2216 dare
813 2162 931 2214 visa
952 2162 1133 2216 faces:
1178 2164 1211 2190 ‘⁸
1229 2160 1334 2214 Hic
1359 2159 1607 2229 quaerite
1630 2159 1880 2225 Troia1n;

365 2247 470 2301 Hic
494 2247 691 2301 domus
715 2253 801 2302 est
816 2246 848 2275 ”
873 2247 1056 2319 inquit
1076 2251 1111 2278 ‘⁴
1129 2247 1340 2302 vobis.'’
1416 2247 1531 2302 lam
1560 2251 1777 2316 tempus
1802 2245 1889 2314 agi
1913 2261 2018 2300 res.

365 2331 484 2387 Nec
507 2334 677 2388 tantis
701 2350 859 2388 mora
883 2335 1163 2403 prodigiis.
1239 2335 1324 2386 En
1351 2340 1615 2402 quattuor
1640 2351 1767 2388 arae

365 2418 657 2488 Neptun03
699 2419 834 2474 deus
859 2419 977 2489 ipse
1001 2423 1154 2476 faces
1177 2421 1535 2488 animumque
1560 2419 1895 2474 ministrat.”

367 2505 517 2560 Haec
541 2523 854 2562 memorans
877 2507 1058 2575 prima
1075 2507 1355 2562 infensum
1384 2507 1441 2560 vi
1464 2506 1697 2575 corripit
1718 2506 1923 2575 iguem,

365 2591 700 2663 Sublataque
724 2593 916 2662 procul
943 2593 1139 2648 dextra
1163 2594 1364 2648 conixa
1388 2597 1657 2660 coruscat,

365 2679 440 2734 Et
462 2680 611 2735 iacit.
685 2680 954 2734 Arrectae
979 2687 1193 2734 mentes
1225 2679 1647 2750 stupefactaque
1672 2677 1841 2734 corda

365 2764 616 2820 Iliadum.
693 2766 798 2820 Hic
823 2782 934 2820 una
957 2783 988 2820 e
1011 2766 1216 2834 multis,
1248 2783 1390 2836 quae
1414 2767 1659 2821 maxima
1680 2769 1832 2832 natu,

364 2852 565 2922 pyrgo,
589 2859 676 2908 tot
700 2853 910 2908 Priami
935 2859 1192 2908 natorum
1219 2855 1373 2924 regia
1396 2854 1623 2908 nutrix:

368 2944 402 2971 ‘⁸
417 2941 472 2994 N
475 2959 547 2996 on
573 2940 752 2995 Beroe
776 2941 950 3010 vobis,
980 2957 1090 2996 non
1115 2941 1253 2996 haec
1279 2941 1567 3008 Rhoeteia,
1595 2945 1818 3007 matres,

363 3027 465 3082 Est
489 3027 718 3096 Dorycli
737 3029 1009 3091 coniunx;
1050 3027 1224 3080 divini
1251 3028 1407 3095 signa
1430 3026 1645 3081 decoris

364 3114 738 3184 Ardentisque
760 3121 953 3168 notate
977 3115 1200 3182 oculos3
1243 3115 1336 3183 qui
1363 3113 1591 3183 spiritus
1614 3113 1715 3180 illi,

365 3200 472 3266 Qui
493 3201 693 3269 voltus,
717 3201 974 3269 vocisque
999 3218 1184 3270 sonna,
1211 3201 1302 3255 vel
1325 3217 1543 3270 gressus
1568 3201 1740 3255 eunti.

363 3287 490 3356 Ipsa
515 3291 734 3356 egomet
758 3287 960 3341 dudum
989 3287 1208 3342 Beroen
1231 3288 1479 3356 digressa
1500 3285 1701 3356 reliqui

364 3374 622 3444 Aegram,
650 3375 1046 3444 indignantem,
1069 3376 1168 3430 tali
1195 3375 1344 3444 quod
1368 3373 1489 3430 sola
1510 3377 1727 3430 careret

365 3459 610 3529 Munere,
637 3476 740 3517 nec
766 3461 994 3516 meritos
1019 3461 1298 3517 Anchisae
1323 3462 1559 3516 inferret
1584 3456 1883 3515 honores.’'

2292 687 2396 739 620

2292 1121 2393 1171 625

2292 1553 2395 1605 680

2294 1987 2395 2040 685

2294 2420 2397 2472 640

2298 3289 2401 3340 650
