2725 3892
995 194 1268 246 VERGILI
1315 193 1693 245 GEORGIOON
1739 192 1805 244 11.

386 358 586 413 Omnia
610 359 722 413 sint
745 358 970 429 paribus
993 356 1237 411 numeris
1259 356 1507 411 dimensa
1532 356 1743 410 viarum
1766 374 1780 417 ς

383 446 511 500 Non
539 446 784 500 animum
803 438 978 499 'modo
1001 444 1082 497 uti
1109 448 1299 513 pascat
1323 448 1647 512 prospectus
1670 442 1907 510 inanem,

383 532 492 587 Sed
519 533 648 602 quis
671 548 784 585 non
809 531 972 586 aliter
996 530 1130 585 viris
1151 530 1308 585 dabit
1333 530 1591 585 omnibus
1614 544 1815 598 aequas

383 620 566 687 Terra,
595 634 774 688 neque
798 619 858 671 in
884 634 1118 672 vacuum
1142 621 1411 686 poterunt
1434 633 1493 670 se
1518 615 1817 670 extendere
1842 617 1995 671 rami.

451 705 705 761 Forsitan
731 710 787 759 et
811 704 1097 759 scrobibus
1123 720 1262 773 quae
1285 704 1397 756 sint
1423 703 1643 771 fastigia
1666 717 1909 771 quaeras.

383 794 582 848 Ausim
607 794 696 848 vel
719 794 874 847 tenui
900 790 1070 845 vitem
1098 791 1449 845 committere
1474 790 1659 857 sulco;

383 880 568 936 Altior
595 898 658 935 ac
682 882 904 951 penitus
927 885 1108 935 terrae
1134 879 1393 949 defigitur
1418 877 1598 946 arboe,

383 968 652 1023 Aesculus
676 968 736 1022 in
759 967 969 1038 primis,
997 982 1153 1037 quae,
1187 970 1455 1036 quantum
1482 966 1693 1020 vertice
1718 965 1783 1019 ad
1812 980 1974 1020 auras

385 1054 695 1125 Aetherias,
725 1060 945 1109 tantum
967 1054 1153 1109 radice
1181 1054 1241 1107 in
1265 1052 1499 1108 Tartara
1522 1051 1721 1107 tendit.

383 1143 532 1214 Ergo
557 1160 672 1199 non
693 1144 907 1198 hiemes
931 1142 1104 1211 illam,‘
1125 1157 1238 1196 non
1264 1138 1457 1209 fiabra,
1484 1156 1666 1209 neque
1684 1140 1887 1194 imbres

383 1231 748 1301 Oonvellunt3
789 1230 1022 1286 immota
1043 1234 1248 1300 manet,
1280 1227 1593 1297 multosque
1615 1230 1861 1295 nepotes,

381 1318 561 1374 Multa
584 1320 764 1373 virum
789 1318 1020 1373 volvens
1042 1316 1298 1373 durando
1327 1313 1547 1369 saecula
1570 1314 1776 1381 vineit3

383 1406 522 1460 Tum
545 1406 706 1461 fortis
727 1404 840 1461 late
863 1420 1046 1459 ramos
1070 1410 1128 1459 et
1151 1402 1411 1458 bracchia
1438 1399 1671 1455 tendens

385 1492 507 1547 Huc
531 1492 672 1561 illuc,
701 1492 886 1547 media
908 1492 1028 1562 ipsa
1049 1491 1334 1561 ingentem
1357 1492 1593 1545 sustinet
1620 1487 1891 1543 umbram.
1946 1525 1955 1543 .

452 1577 609 1634 Neve
633 1580 737 1634 tibi
760 1579 830 1635 ad
861 1580 1030 1634 solem
1056 1585 1290 1649 vergant
1314 1580 1505 1634 vineta
1534 1578 1837 1647 cadentem,

383 1664 541 1721 Neve
563 1666 712 1721 inter
737 1666 867 1721 vitis
889 1665 1140 1735 corylum
1167 1683 1301 1735 sere,
1331 1682 1471 1721 neve
1500 1665 1717 1735 flagella

383 1754 610 1809 Summa
636 1760 780 1823 pete,
809 1760 904 1809 aut
931 1770 1146 1809 summa
1172 1753 1427 1822 defringe
1457 1770 1525 1807 ex
1556 1753 1760 1808 arbore
1788 1751 2078 1823 plantas-

382 1840 590 1895 Tantus
613 1857 770 1896 amor
795 1846 1159 1896 terrae—neu
1182 1841 1336 1895 ferro
1359 1839 1517 1895 laede
1542 1845 1769 1895 retunso

383 1928 636 1996 Semina3
677 1944 817 1984 neve
845 1929 998 1985 oleae
1027 1927 1294 1983 silvestris
1317 1926 1498 1982 insere
1520 1932 1780 1982 truncos:

384 2014 526 2070 Nam
551 2032 716 2085 saepe
740 2017 977 2071 incautis
999 2011 1316 2085 pasteribus
1339 2014 1546 2069 excidit
1568 2014 1727 2085 ignis,

382 2101 506 2172 Qui,
535 2104 729 2158 furtim
753 2104 941 2174 pingui
967 2104 1211 2173 primum
1237 2102 1338 2158 sub
1363 2104 1569 2159 cortice
1595 2109 1793 2169 tectus,

381 2190 607 2246 Robora
635 2191 996 2260 comprendit,
1025 2190 1362 2259 frondesque
1396 2190 1610 2261 elapsus
1632 2192 1691 2245 in
1717 2192 1856 2244 altas

382 2276 670 2346 Ingentem
695 2277 848 2333 caelo
873 2277 1113 2332 sonitum
1140 2276 1324 2345 dedit3
1368 2278 1499 2331 inde
1524 2282 1743 2331 secutus

381 2362 492 2419 Per
513 2382 698 2420 ramos
721 2365 898 2419 victor
921 2379 1128 2433 perque
1154 2364 1269 2418 alta
1293 2366 1581 2419 cacumina
1601 2367 1813 2431 regnat,

381 2451 456 2505 Et
479 2458 660 2507 totum
685 2451 920 2507 invoivit
944 2447 1179 2504 fiammis
1201 2466 1413 2518 nemus,
1447 2455 1505 2504 et
1528 2450 1642 2503 ruit
1666 2454 1839 2503 atram

382 2538 471 2592 Ad
498 2540 708 2595 caelum
734 2538 890 2607 picea
913 2552 1125 2591 crassus
1150 2536 1385 2605 caligIne
1417 2536 1638 2604 nubem,

381 2625 712 2680 Praesertim
736 2624 782 2678 si
806 2627 1108 2691 tempestas
1133 2638 1168 2676 a
1189 2621 1399 2676 vertice
1426 2622 1577 2675 silvis

380 2711 653 2780 Incubuit,
681 2710 1059 2780 glomeratque
1083 2710 1270 2764 ferens
1293 2708 1551 2762 incendia
1572 2712 1786 2761 ventus.

380 2798 500 2853 Hoc
528 2798 637 2866 ubi,
665 2813 780 2852 non
803 2814 838 2851 a
859 2797 1034 2866 stirpe
1059 2796 1247 2851 valent
1271 2811 1571 2865 caesaeque
1595 2793 1801 2849 reverti

379 2880 619 2936 Possunt
642 2887 808 2951 atque
831 2882 944 2936 ima
967 2881 1174 2935 similes
1199 2880 1533 2935 revirescere
1558 2885 1741 2935 terra:

379 2969 582 3024 Infelix
609 2974 834 3039 superat
855 2968 1006 3023 foliis
1031 2967 1269 3023 oleaster
1291 2968 1511 3022 amaris.
1786 2961 1789 2968 ²

447 3055 568 3112 Neo
591 3056 694 3111 tibi
719 3060 835 3111 tam
859 3055 1102 3125 prudens
1127 3054 1415 3124 quisquam
1445 3054 1771 3123 persuadeat
1802 3054 1993 3106 auctor

378 3142 653 3198 Tellurem
678 3141 859 3197 Borea
881 3140 1114 3207 rig-idam
1143 3140 1387 3211 spirante
1412 3156 1655 3197 movere.

383 3230 532 3285 Rura
555 3231 680 3299 gelu
705 3234 840 3285 tuuc
865 3228 1074 3284 claudit
1095 3228 1289 3295 hiems,
1318 3244 1423 3283 nec
1446 3228 1654 3283 semine
1676 3226 1823 3283 iacto

380 3316 712 3373 Ooncretam
736 3317 954 3386 patitur.
971 3314 1211 3371 radicem
1243 3314 1485 3385 adfigere
1508 3324 1707 3371 terrae.

381 3405 609 3475 Optima
629 3404 832 3459 vinetis
855 3404 1014 3471 satio,
1043 3418 1169 3459 cum
1193 3418 1326 3457 vere
1349 3404 1572 3458 rubenti

381 3490 627 3547 Candida
655 3492 807 3545 venit
831 3491 948 3545 avis
971 3488 1150 3557 longis
1173 3490 1352 3544 invisa
1377 3490 1637 3553 colubris.

2314 444 2416 497 285

2316 1314 2419 1367 295

2314 1753 2420 1807 300

2312 2188 2416 2238 305

2312 2621 2417 2674 810

2312 3054 2414 3107 815

2312 3491 2516 3544 820·
