2725 3892
1012 85 1289 138 VERGm
1330 85 1664 138 ammos
1706 87 1795 138 VI.

392 248 647 315 Quantus
670 247 741 302 ad
766 247 1071 302 aetherium
1097 247 1235 302 eaeli
1258 251 1548 318 suspectus
1571 247 1894 326 Olympum.

390 337 501 390 Hie
522 353 695 404 genus
718 323 1006 406 antiquum
1024 319 1241 412 Terrae,
1269 333 1490 390 Titaxiia
1513 336 1704 404 pubes,
2317 339 2422 390 580

389 422 645 476 Fulmine
668 421 867 476 deiecti
892 420 1064 475 fundo
1086 421 1428 476 volvuntur
1413 436 1470 473 m
1495 421 1626 476 ime.

391 508 497 562 Hie
522 513 579 564 et
603 507 831 570 Aloidas
854 508 1101 576 geminos
1124 507 1391 562 immania
1414 507 1526 561 vidi

393 596 655 665 Corpora,
684 595 797 667 qui
800 595 1055 650 manibus
1076 609 1337 662 magnum
1360 595 1674 672 rescindere
1699 595 1914 650 eaelum

391 680 670 751 Aggressi,
698 682 1018 751 superisque
1040 680 1231 734 Iovem
1254 663 1550 734 detrudere
1574 681 1776 749 regnis.

314 751 379 787 f
393 767 525 822 Vidi
549 772 607 822 et
623 766 867 842 erudelis
890 766 1117 830 dantem
1140 765 1436 826 Salmonea
1457 780 1681 834 poenas,
2317 773 2443 832 585,

389 854 541 909 Dum
564 834 813 908 flammas
836 852 1003 924 Iovis'
1008 857 1067 907 et
1090 853 1304 921 sonitus
1326 853 1579 924 imitatur
1605 843 1847 924 Olympi.

393 931 669 1006 Quattuor
691 939 785 995 hie
808 931 1063 1006 inveetus
1086 939 1243 1008 equis
1266 945 1324 993 et
1346 938 1602 1008 lampada
1625 957 1888 1009 quassans

390 1026 501 1082 Per
525 1027 753 1082 Graium
778 1025 1013 1095 populos
1034 1019 1357 1094 mediaeque
1381 1041 1480 1094 per
1505 1025 1682 1079 Elidis
1707 1028 1899 1082 urbem

390 1113 516 1168 Ibat
542 1129 731 1190 ovans,
758 1113 1053 1182 divomque
1076 1113 1181 1168 sibi
1207 1112 1468 1181 poscebat
1502 1112 1788 1183 honorem,

390 1179 665 1256 Demens!
706 1199 800 1269 qui
823 1200 1043 1254 nimbos
1066 1205 1127 1254 et
1148 1215 1263 1254 uon
1289 1199 1558 1254 imitabile
1583 1200 1790 1256 fulmen
2317 1206 2422 1256 590

392 1291 540 1352 Aere
564 1293 621 1343 et
646 1288 1003 1358 cornipedum
1028 1288 1203 1370 pulsu
1214 1287 1500 1342 simularet
1521 1303 1806 1357 equorum.

392 1379 475 1433 At
482 1355 657 1448 pater
680 1375 1031 1445 omnipotens
1054 1373 1225 1430 densa
1250 1357 1400 1428 inter
1421 1374 1613 1439 nubila
1635 1375 1810 1429 telum

394 1467 695 1536 Contorsit,
722 1483 835 1522 non
860 1466 955 1522 ille
976 1468 1129 1522 faces
1151 1483 1255 1522 nee
1280 1469 1468 1523 fumea
1490 1469 1668 1524 taedis

392 1554 1173 1624 Luminm‘praeoipitemque'
1160 1555 1384 1610 immani
1411 1556 1632 1610 turbine
1657 1555 1856 1624 adegi&

392 1639 513 1695 Nee
536 1633 649 1693 ιιόιι
675 1645 733 1694 et
755 1638 974 1708 Tityon,
1004 1639 1203 1694 Terrae
1227 1641 1626 1710 omniparentis
1661 1642 1962 1708 alumnum,
2318 1644 2421 1694 595

394 1726 633 1781 Cernere
658 1733 793 1795 erat,
821 1715 921 1795 pe‘r
946 1731 1065 1780 tota
1088 1724 1289 1781 novem
1314 1729 1404 1782 oui
1431 1729 1620 1797 iugera
1644 1745 1842 1798 corpus

392 1817 717 1886 Pon-igitur,
748 1821 1035 1890 rostroque
1060 1819 1315 1872 immanis
1338 1817 1528 1874 vultur
1552 1819 1770 1873 obuueo

392 1903 749 1958 Immortale'
734 1919 888 1961 ieeur
909 1905 1147 1960 tondens
1175 1903 1518 1974 fecundaque
1543 1907 1734 1973 poenis

394 1983 989 2096 Viscerafimaturque
1012 1997 1200 2075 epulis
1214 1995 1537 2074 habitatque
1562 1995 1662 2048 sub
1687 1995 1802 2049 alto

392 2081 645 2150 Pectore,
672 2098 777 2136 nee
798 2079 955 2146 fibris
978 2085 1195 2154 requies
1222 2067 1387 2137 datur
1411 2081 1522 2136 ulla
1545 2081 1772 2136 renatis.
2321 2083 2424 2134 000

396 2169 541 2238 Quid
566 2189 865 2228 memorem
894 2173 1173 2244 Lapithas,
1202 2173 1398 2228 Ixiona
1421 2173 1882 2244 Pirithoumque?

396 2257 549 2324 Quos
572 2276 739 2330 super
763 2267 885 2316 atra
908 2261 1044 2316 silex
1072 2263 1179 2316 iam
1199 2261 1305 2315 iam
1335 2261 1557 2330 lapsura
1581 2261 1908 2332 cadentique

393 2345 968 2420 Imminetnadsimilin
1007 2349 1196 2404 lucent
1226 2347 1528 2418 genialibus
1553 2348 1678 2402 altis

394 2437 585 2493 Aurea
604 2437 785 2493 fulera
808 2439 960 2507 toris,
992 2438 1295 2508 epulaeque
1320 2443 1448 2492 ante
1473 2455 1570 2492 ora
1593 2443 1820 2507 paratae

392 2523 639 2594 Regiflco
662 2523 829 2593 luxu;
870 2525 1156 2581 Furiarum
1184 2527 1425 2580 maxima
1449 2526 1602 2580 iuxta
2321 2527 2424 2579 0Οό

396 2611 664 2678 Accubat,
693 2617 750 2666 et
775 2612 1032 2667 manibus
1055 2613 1315 2682 prohibet
1341 2615 1660 2682 contingere
1681 2629 1916 2680 mensas,

390 2699 765 2770 Exsurgitque
788 2701 966 2756 facem
995 2702 1268 2768 attollens,
1298 2707 1464 2772 atque
1488 2703 1706 2756 intonat
1732 2718 1844 2756 oro.

354 2773 515 2855 Ἧίο,
545 2787 781 2857 quibus
764 2787 929 2842 luvisi
954 2787 1167 2855 fratres,
1196 2788 1325 2870 dum
1354 2789 1468 2843 vita
1489 2788 1764 2856 manebat,

391 2863 729 2929 Pulsatusve
740 2889 979 2943 parens,
985 2880 1043 2929 et
1064 2863 1259 2932 fraus
1242 2865 1450 2930 innexa
1474 2874 1694 2941 clienti}

393 2960 513 3015 Aut
535 2961 627 3029 qui
652 2952 861 3015 divitiis
884 2961 987 3015 soli
1010 2958 1307 3016 incubuere
1330 2963 1580 3038 repertis,
2323 2961 2426 3012 010

392 3045 511 3101 Nee
534 3051 749 3117 partem
773 3063 1007 3116 posuere
1032 3049 1159 3116 suis,
1188 3065 1327 3117 quae
1349 3051 1594 3105 maxima
1615 3051 1780 3106 turba
1806 3053 1915 3118 est3

394 3132 611 3202 Quique
637 3133 711 3187 ob
736 3133 1063 3188 adulterium
1089 3135 1248 3204 eaesi,
1276 3133 1478 3204 quique
1505 3151 1659 3189 arma
1689 3135 1862 3189 secuti

360 3219 379 3236 ²
394 3218 571 3288 Impia
594 3237 697 3274 nee
719 3219 882 3274 veriti
908 3208 1255 3276 dominorum
1282 3220 1476 3276 fallere
1505 3221 1743 3288 dextras,

394 3306 595 3362 Inelusi
622 3321 855 3376 poenam
882 3314 1220 3376 exspectant.
1296 3307 1384 3362 Ne
1411 3323 1612 3376 quaere
1638 3308 1842 3369 doceri,

394 3391 572 3458 Quam
594 3407 847 3462 poenam,
876 3399 971 3448 aut
996 3411 1135 3462 quae
1160 3394 1339 3448 forma
1369 3395 1516 3446 viros
1541 3395 1835 3448 fortunave
1858 3392 2067 3446 mersit.
2321 3387 2426 3440 015
