2725 3892
971 197 1247 250 VERGILI
1291 197 1623 248 nummos
1664 197 1753 248 VI.

351 357 596 414 Demens
627 364 684 413 et
719 363 883 412 cantu
911 363 1072 412 vocat
1095 357 1154 412 in
1177 357 1483 412 certamina
1504 357 1678 425 divos,

351 444 622 498 Aemulus
645 450 936 513 exceptum
959 443 1171 512 Triton,
1199 444 1246 500 si
1271 443 1499 498 credere
1520 444 1747 512 dignum
1774 450 1874 510 est.

351 529 506 584 Inter
531 545 664 585 ssxa
687 529 866 584 virum
891 545 1148 598 spumosa
1173 530 1521 584 immerserat
1543 528 1707 584 unda.

351 615 500 685 Ergo
525 632 716 670 omnes
739 632 940 686 magno
965 617 1170 672 circum
1197 617 1441 672 clamore
1464 617 1797 682 tremebant,

350 703 654 772 Praecipue
677 704 802 772 pius
823 704 1063 758 Aeneas.
1136 703 1276 758 Tum
1299 703 1451 758 iussa
1474 701 1731 771 Sibyllae,

351 789 516 846 Haud
537 805 712 857 mora,
740 789 1006 844 festInant
1029 789 1242 854 flentes,
1269 805 1535 858 aramque
1564 789 1801 858 sepulcri

352 876 668 945 Congerere
691 875 982 930 arboribus
1005 875 1270 946 caeloque
1297 875 1537 930 educere
1562 881 1795 932 certant.

352 961 474 1016 Itur
497 962 558 1014 in
579 961 864 1031 antiquam
890 961 1102 1030 silvam,
1131 961 1348 1020 stabula
1374 960 1490 1016 alta
1513 962 1771 1028 ferarum,

352 1047 734 1104 Procumbunt
757 1047 960 1117 piceae,
989 1054 1151 1103 sonat
1173 1049 1286 1104 icta
1310 1049 1595 1104 securibus
1616 1049 1742 1116 ilex,

352 1135 762 1203 Fraxineaeque
787 1134 974 1190 trabes
997 1135 1186 1190 cuneis
1209 1140 1266 1189 et
1292 1135 1461 1190 fissile
1486 1133 1655 1190 robur

353 1221 648 1289 Scinditur,
675 1219 983 1275 advolvunt
1006 1221 1248 1290 ingentis
1269 1221 1557 1278 montibus
1577 1238 1761 1278 ornos.

355 1307 472 1364 Nec
497 1324 607 1362 non
634 1306 856 1362 Aeneas
873 1323 1044 1377 opera
1068 1307 1216 1362 inter
1244 1307 1376 1362 talia
1407 1309 1615 1376 primus

353 1395 624 1449 Hortatur
649 1395 841 1462 socios,
872 1393 1202 1463 paribusque
1231 1393 1539 1462 accingitur
1568 1395 1750 1450 armis.

353 1481 542 1550 Atque
564 1481 702 1537 haec
727 1481 844 1550 ipse
871 1497 970 1536 suo
995 1481 1140 1534 tristi
1167 1497 1290 1534 cum
1323 1480 1495 1536 eorde
1518 1481 1748 1549 volutat,

351 1569 664 1637 Aspectans
687 1567 880 1622 silvam
907 1567 1244 1636 immensam,
1275 1573 1332 1622 et
1355 1567 1437 1622 sic
1458 1584 1597 1622 voce
1618 1573 1901 1637 precatur:

357 1658 391 1685 ‘⁴
407 1655 466 1709 Si
491 1671 638 1709 nunc
662 1669 719 1708 se
743 1654 904 1709 nobis
927 1653 1020 1710 ille
1044 1671 1242 1708 aureus
1266 1655 1469 1708 arbore
1504 1670 1687 1708 ramus

355 1743 626 1798 Ostendat
648 1759 876 1798 nemore
899 1743 959 1796 in
985 1743 1168 1797 tanto!
1211 1742 1433 1812 quando
1456 1741 1643 1796 omnis
1667 1757 1797 1796 vere

354 1829 479 1884 Heu
503 1830 734 1885 nimium
760 1830 831 1884 de
855 1833 912 1883 te
939 1834 1106 1896 vates,
1135 1827 1358 1896 Miseno,
1387 1827 1571 1883 locuta
1594 1827 1732 1882 est.'’

354 1917 467 1972 Vix
493 1935 558 1974 ea
583 1917 725 1972 fatus
750 1923 885 1984 erat,
916 1917 1167 1984 geminae
1191 1931 1318 1970 cum
1341 1915 1493 1968 sorte
1514 1913 1797 1970 columbae

353 2003 482 2074 Ipsa
503 2006 605 2058 sub
631 2021 729 2059 ora
753 2004 858 2058 viri
884 2002 1037 2058 caelo
1061 2018 1261 2056 venere
1285 2000 1553 2068 volantes,

353 2092 426 2147 Et
451 2093 613 2148 viridi
639 2093 830 2148 sedere
855 2092 990 2148 solo.
1066 2090 1206 2145 Tum
1231 2089 1507 2143 maximus
1530 2088 1695 2144 heros

355 2179 633 2238 Maternus
657 2181 906 2252 agnoscit
933 2195 1078 2246 aves,
1107 2177 1393 2248 laetusque
1420 2181 1704 2246 precatur:

357 2267 391 2296 ‘⁴
407 2267 540 2323 Este
564 2268 744 2336 duces,
773 2285 822 2332 o,
851 2269 898 2324 si
923 2283 1034 2338 qua
1055 2266 1147 2320 via
1173 2270 1272 2334 est,
1301 2279 1632 2332 cursumque
1655 2278 1755 2330 per
1778 2277 1937 2316 auras

353 2352 600 2423 Derigite
623 2356 682 2410 in
706 2356 874 2420 lucos,
903 2355 998 2408 ubi
1022 2355 1286 2422 pinguem
1311 2350 1471 2404 dives
1493 2355 1691 2418 opacat

353 2439 560 2495 Ramus
583 2441 828 2496 humum.
904 2440 1109 2510 Tuun
1140 2455 1190 2507 0,
1217 2435 1401 2490 dubiis
1422 2451 1495 2489 ne
1518 2433 1691 2490 defice
1712 2435 1890 2502 rebus,

351 2525 500 2582 Diva
523 2528 774 2596 parens.”
851 2525 942 2581 Sic
967 2525 1166 2580 effatus
1191 2522 1426 2590 vestigia
1448 2522 1661 2590 pressit,

355 2613 683 2684 Observans,
713 2631 852 2685 quse
877 2616 1035 2684 signa
1058 2614 1254 2681 ferant,
1288 2625 1397 2680 quo
1423 2608 1652 2662 tendere
1676 2613 1923 2678 pergant.

353 2700 648 2758 Pascentes
673 2701 800 2758 illae
825 2706 1042 2756 tantum
1069 2699 1294 2770 prodire
1318 2695 1577 2762 volando,

355 2788 635 2854 Quantum
661 2789 780 2844 scie
805 2793 1031 2857 possent
1056 2786 1200 2842 oculi
1223 2799 1444 2840 servare
1472 2787 1812 2851 sequentum.

355 2873 490 2930 Inde
515 2877 609 2931 ubi
633 2892 836 2931 venere
861 2875 928 2930 sd
955 2875 1139 2928 fauces
1162 2870 1532 2942 graveolentis
1556 2867 1787 2936 Averni,

355 2961 580 3017 Tollunt
603 2980 661 3017 se
686 2963 906 3027 celeres,
935 2959 1313 3030 liquidumque
1337 2975 1439 3026 per
1468 2965 1597 3012 aera
1618 2956 1803 3024 lapsae

355 3049 588 3104 Sedibus
614 3049 818 3118 optatis
841 3049 1062 3117 gemina
1085 3062 1252 3115 super
1275 3045 1473 3099 arbore
1498 3044 1701 3110 sidunt,

355 3135 607 3192 Discolor
631 3135 778 3190 unde
802 3136 919 3191 auri
945 3151 1046 3205 per
1069 3149 1253 3188 ramos
1277 3147 1414 3186 aura
1438 3129 1667 3185 refulsit.

356 3223 530 3289 Quale
553 3222 694 3276 solet
720 3223 872 3276 silvis
894 3221 1128 3276 brumali
1148 3220 1359 3289 frigore
1385 3219 1597 3272 viscum

355 3309 574 3365 Fronde
597 3309 778 3362 virere
799 3324 962 3372 nova,
991 3307 1136 3376 quod
1161 3323 1276 3360 non
1300 3322 1399 3359 sua
1422 3303 1659 3358 seminat
1684 3302 1861 3370 arbos,

354 3393 430 3449 Et
453 3411 648 3450 croceo
673 3395 788 3450 fetu
814 3394 1006 3448 teretis
1029 3392 1372 3447 circumdare
1396 3397 1655 3446 truncos:

354 3480 498 3534 Talis
523 3485 642 3535 erat
667 3481 876 3550 species
901 3479 1020 3534 auri
1045 3479 1358 3533 frondentis
1384 3494 1557 3548 opaca

2284 618 2383 676 175

2284 1050 2385 1102 180

2285 1483 2383 1535 185

2282 1917 2385 1968 190

2285 2350 2385 2402 195

2282 2787 2391 2838 200

2282 3218 2389 3270 205
