2725 3892
977 207 1254 260 vamum
1297 207 1675 262 onoltffloon
1719 209 1811 262 lv,

378 369 548 426 Multa
573 387 822 441 querens,
851 374 1016 440 atque
1039 369 1146 426 heo
1167 369 1385 427 adfatus
1408 387 1545 426 vooe
1568 377 1893 443 parentem:

375 461 410 490 ‘⁶
424 458 619 528 Mater,
649 458 868 526 Cyrene
891 463 1084 527 mater,
1113 473 1253 527 quae
1277 459 1514 528 gurgitis
1536 459 1700 513 huius

371 545 492 600 Ima
513 551 686 614 tenes,
713 544 844 614 quid
868 561 960 598 me
980 543 1263 614 praeclara
1285 544 1461 613 stirpe
1482 545 1787 600 deorum-

371 633 427 687 Si
452 631 636 702 modo,
663 647 826 703 quem
852 631 1123 702 perhibes,
1149 618 1314 702 pater
1337 638 1423 686 est
1444 631 1825 701 Thymbraeus
1849 632 2127 704 Apollo—-

371 719 616 774 Invisum
641 717 770 774 fatis
793 717 1072 789 genuisti?
1109 725 1206 774 aut
1231 734 1340 788 quo
1363 718 1466 772 tibi
1490 719 1665 773 nostri

371 805 570 861 Pulsus
592 807 780 862 amori
819 805 952 876 quid
975 821 1065 860 me
1090 805 1300 860 eaelum
1327 821 1547 875 sperare
1570 806 1840 863 iubebas?

371 892 454 946 En
479 893 645 948 etiam
669 892 823 948 huno
845 893 1024 962 ipsum
1051 893 1200 948 vim
1221 892 1471 947 mortalis
1494 892 1780 964 honorem,

372 977 546 1046 Quem
569 979 709 1034 mihi
733 979 830 1034 vix
851 979 1076 1048 tragum
1099 985 1158 1034 et
1179 977 1449 1050 pecudum
1475 981 1732 1035 custodia
1752 980 1947 1036 sollers

371 1068 574 1124 Omnia
596 1069 893 1138 temptanti
917 1068 1223 1137 effuderat,
1250 1073 1310 1123 te
1333 1073 1523 1137 matre,
1552 1069 1821 1140 relinquo.

371 1155 519 1222 Quin
543 1172 658 1226 age,
688 1160 745 1210 et
767 1156 891 1226 ipsa
910 1171 1079 1210 manu
1102 1155 1281 1210 felicis
1303 1172 1437 1211 erue
1458 1155 1639 1226 silvae,

368 1242 477 1296 Fer
500 1241 730 1297 stabulis
750 1242 1034 1297 inimicum
1057 1243 1245 1312 ignem
1270 1248 1436 1314 atque
1458 1242 1711 1299 interfice
1732 1244 1942 1313 messis,

370 1329 484 1384 Ure
507 1333 642 1398 sata,
671 1333 731 1384 et
751 1328 946 1384 ‹lm-am
971 1329 1030 1383 in
1055 1329 1184 1384 vitis
1207 1330 1407 1385 molire
1428 1330 1741 1401 bipennem,

369 1415 545 1472 Tanta
566 1432 723 1471 meae
747 1416 792 1470 si
817 1420 874 1470 te
899 1421 1164 1486 oeperunt
1187 1416 1373 1473 taedia
1394 1417 1631 1473 laudis.”

369 1503 450 1556 At
471 1508 654 1558 mater
674 1502 914 1556 sonitum
941 1501 1183 1558 thalamo
1207 1504 1310 1558 sub
1331 1503 1575 1558 fluminis
1600 1505 1699 1559 alti

369 1589 567 1645 Sensit.
637 1589 782 1644 Eam
803 1589 1011 1644 circum
1034 1590 1251 1646 Milesia
1279 1591 1485 1646 vellera
1506 1591 1805 1662 Nymphae

369 1677 701 1747 Carpebant,
729 1675 880 1744 hyali
905 1683 1094 1732 saturo
1117 1669 1307 1733 fuoata
1329 1678 1530 1747 eolore,

367 1763 704 1832 Drumoqne‚
732 1762 1084 1834 Xanthoque,
1117 1763 1407 1834 Ligeaque,
1438 1765 1904 1836 Phyllodooeqm,

368 1849 678 1904 caesariem
701 1849 908 1905 effusae
930 1849 1162 1905 nitidam
1187 1867 1290 1921 per
1313 1851 1547 1907 eandida
1570 1853 1727 1920 oolla,

369 1935 617 2007 [Nesaee,
646 1935 904 2007 Spioque,
933 1936 1248 2007 Thaliaque,
1279 1937 1743 2009 Cymodoeeque,]

367 2023 726 2093 Cydippeque
751 2030 808 2078 et
830 2023 976 2079 flava
999 2023 1277 2094 Lycorias,
1307 2027 1483 2080 altera
1508 2026 1679 2096 virgo,

365 2110 566 2165 Altera
587 2116 707 2164 tum
728 2110 936 2180 primos
957 2109 1200 2167 Lucinae
1223 2118 1456 2182 experta
1476 2112 1711 2182 labores,

367 2197 596 2268 Clioque
621 2205 678 2254 et
701 2199 882 2255 Beroe
905 2217 1079 2270 soror,
1107 2200 1462 2256 Oceanitides
1486 2201 1695 2267 ambae,

365 2284 583 2340 Ambae
607 2301 761 2356 suro,
788 2287 952 2357 piotis
973 2287 1250 2342 incinctae
1271 2287 1509 2357 pellibus
1532 2288 1741 2356 ambae,

366 2371 558 2442 Atque
579 2372 824 2443 Ephyre,
853 2379 1020 2444 atque
1043 2375 1196 2444 Opis,
1225 2379 1282 2430 et
1305 2375 1442 2430 Asia
1464 2375 1727 2444 Deiopea,

365 2455 440 2512 Et
461 2459 686 2514 tandem
709 2461 906 2530 positis
928 2461 1092 2516 velox
1118 2461 1405 2516 Arethusa
1428 2460 1658 2530 sagittis.

366 2545 520 2601 Inter
543 2563 677 2618 quas
700 2563 888 2604 euram
915 2547 1183 2616 Clymene
1209 2547 1473 2604 narrabat
1494 2548 1715 2602 inanem

367 2632 622 2704 voloni,
649 2633 954 2706 Martisque
978 2635 1136 2692 dolos
1160 2640 1218 2691 et
1241 2633 1425 2691 duleis
1450 2635 1620 2704 furta,

365 2719 528 2792 Aque
553 2721 708 2776 Chao
732 2721 934 2776 densos
955 2721 1143 2777 divom
1169 2723 1499 2778 numerabat
1524 2735 1757 2778 amores.

366 2807 623 2862 Carmine
647 2824 756 2879 quo
781 2815 976 2879 captae
997 2810 1132 2866 dum
1157 2809 1292 2864 fusis
1315 2808 1505 2864 mollia
1524 2823 1699 2878 pensa

363 2893 698 2964 Devolvunt,
725 2895 926 2950 iterum
951 2901 1232 2952 maternas
1255 2895 1478 2964 impulit
1501 2895 1649 2951 auris

364 2979 568 3036 Luctus
594 2981 851 3052 Aristaei,
879 2983 1182 3052 vitreisque
1205 2981 1468 3037 sedilibus
1490 2997 1685 3038 omues

365 3067 727 3138 obstipum-03
767 3068 865 3123 sed
889 3076 1018 3124 ante
1042 3067 1177 3124 alias
1198 3068 1479 3124 Arethusa
1503 3086 1723 3125 sorores

363 3153 712 3226 Prospiciens
737 3171 951 3209 summa
973 3153 1175 3209 flavum
1203 3161 1369 3224 eaput
1394 3155 1593 3210 extulit
1610 3155 1779 3225 unda,

361 3239 438 3294 Et
459 3241 680 3312 procul:
724 3242 758 3270 “
779 3239 830 3294 Ο
853 3241 1062 3310 gemitu
1087 3257 1198 3295 non
1221 3241 1433 3296 frustra
1454 3243 1721 3299 exterrita
1744 3249 1919 3314 tanto,

362 3327 580 3396 Cyrene
603 3343 774 3396 soror,
803 3327 920 3396 ipse
945 3327 1065 3396 tibi,
1095 3333 1190 3383 tua
1215 3329 1456 3384 maxima
1480 3345 1629 3398 eura,

361 3414 557 3468 Tristis
582 3413 870 3468 Aristaeus
893 3412 1065 3470 Penei
1089 3415 1357 3484 genitoris
1383 3415 1451 3472 ad
1480 3417 1683 3471 undam

361 3499 488 3554 Stat
509 3499 820 3566 lacrimans,
848 3506 905 3556 et
929 3507 987 3558 te
1011 3501 1288 3558 crudelem
1315 3504 1541 3559 nomine
1562 3503 1757 3560 dioit.”

2298 376 2407 429 820

2300 1249 2407 1301 880

2298 1681 2403 1736 885

2298 2119 2405 2170 840

2297 2553 2403 2606 346

2294 2987 2401 3040 850

2292 3419 2401 3474 365
