2725 3892
1031 236 1306 287 VERGILI
1353 237 1611 287 ECLOGA
1656 238 1743 287 lv.

1148 428 1451 483 ECLOGA
1510 430 1610 486 lv.
1652 458 1657 465 ·

1255 554 1511 605 POLLIO.

365 664 626 720 Sicelides
649 664 854 733 Musae,
883 663 1048 733 paulo
1072 664 1284 717 maiora
1309 664 1597 717 canamus!

363 751 496 806 Non
521 751 700 806 omnis
724 752 950 806 arbusta
974 751 1167 803 iuvant
1191 750 1532 819 humilesque
1558 749 1831 819 myricae;

363 836 422 891 Si
446 838 692 891 canimus
715 836 898 904 silvas,
927 836 1096 891 silvae
1121 836 1232 890 sint
1257 835 1498 890 Consule
1522 836 1739 905 dignae.

433 921 644 976 Ultima
668 920 894 975 Cumaei
923 922 1074 975 venit
1097 922 1208 975 iam
1233 920 1493 975 carminis
1517 927 1701 989 aetas3

363 1008 598 1076 Magnus
621 1007 690 1061 ab
715 1008 932 1076 integro
957 1008 1258 1061 saeclorum
1283 1008 1526 1061 nascitur
1550 1007 1705 1062 ordo.

363 1094 482 1147 Iam
508 1093 654 1148 redit
679 1098 738 1147 et
761 1093 956 1163 VirgO,
985 1094 1222 1148 redeunt
1247 1092 1507 1148 Saturnia
1530 1110 1729 1165 regna;

363 1180 483 1234 Iam
508 1196 655 1235 nova
675 1182 968 1250 progenies
991 1180 1143 1235 caelo
1167 1180 1481 1234 demittitur
1507 1182 1637 1236 alt0.

363 1265 446 1319 Tu
469 1265 636 1319 modo
659 1267 907 1321 nascenti
933 1283 1122 1337 puero,
1151 1282 1262 1336 quo
1285 1267 1469 1322 ferrea
1490 1268 1732 1337 primum

363 1352 592 1407 Desinet
615 1370 680 1408 ac
703 1358 826 1407 toto
849 1358 1039 1423 surget
1061 1370 1198 1423 gens
1221 1370 1391 1408 aurea
1412 1354 1637 1423 mundo,

364 1440 530 1495 Casta
555 1440 677 1495 fave
701 1440 946 1495 Lucina:
988 1446 1116 1494 tuus
1139 1441 1248 1495 iam
1274 1446 1473 1508 regnat
1498 1441 1716 1511 Apollo,

363 1524 547 1596 Teque
571 1526 709 1581 adeo
734 1527 901 1581 decus
925 1527 1034 1581 hoc
1059 1528 1198 1597 aevi,
1225 1532 1284 1581 te
1309 1526 1567 1598 Consule,
1594 1528 1773 1597 inibit,

364 1612 557 1680 Pollio,
585 1620 644 1667 et
667 1613 931 1683 incipient
953 1614 1142 1683 magni
1166 1614 1467 1684 procedere
1492 1630 1739 1682 menses3

362 1698 442 1754 Te
465 1698 618 1768 duce,
647 1700 694 1754 si
717 1716 826 1769 qua
847 1704 1076 1755 manent
1098 1700 1320 1755 sceleris
1345 1702 1575 1769 vestigia
1598 1702 1791 1771 nostri,

363 1785 540 1841 Inrita
561 1791 830 1857 perpetua
851 1787 1070 1841 solvent
1093 1786 1391 1842 formidine
1416 1794 1607 1843 terras.

363 1870 466 1927 1110
488 1871 652 1927 deum
677 1873 850 1927 vitam
877 1874 1112 1943 accipiet
1135 1874 1387 1944 divisque
1412 1875 1625 1928 videbit

363 1958 678 2013 Permixtos
699 1959 901 2015 heroas
924 1965 982 2015 et
1005 1960 1122 2029 ipse
1147 1960 1426 2015 videbitur
1448 1960 1572 2029 illis,

363 2044 738 2116 Pacatumque
762 2050 919 2116 reget
940 2047 1135 2116 patriis
1160 2047 1461 2101 virtutibus
1484 2049 1692 2101 orbem.

363 2132 446 2187 At
467 2133 574 2187 tibi
597 2134 790 2203 prima,
816 2150 971 2204 puer,
997 2133 1154 2188 nullo
1177 2134 1507 2188 munuscula
1529 2133 1678 2187 cultu

360 2220 616 2275 Eri-antis
639 2220 870 2276 hederas
890 2220 1094 2291 passim
1121 2236 1246 2273 cum
1271 2220 1541 2274 bacchare
1564 2219 1729 2273 tellus

361 2306 646 2377 Mixtaque
667 2306 874 2362 ridenti
899 2307 1174 2362 colocasia
1195 2306 1399 2360 fundet
1422 2306 1677 2361 acantho·

361 2392 524 2463 Ipsae
544 2393 688 2449 lacte
713 2394 941 2449 domum
965 2394 1207 2448 referent
1231 2392 1471 2447 distenta
1494 2392 1735 2463 capellae

363 2479 566 2549 Ubera,
592 2498 696 2534 nec
718 2497 949 2551 magnos
973 2484 1226 2534 metuent
1249 2485 1501 2535 armenta
1522 2480 1727 2535 leones.

363 2566 493 2636 Ipsa
515 2567 618 2621 tibi
642 2567 872 2622 blandos
895 2566 1136 2621 tundent
1159 2567 1433 2622 cunabula
1456 2566 1635 2621 fiores.

364 2653 594 2709 Occidet
617 2661 674 2709 et
697 2670 937 2723 serpens,
967 2661 1025 2709 et
1049 2654 1216 2709 fallax
1241 2654 1415 2709 herba
1438 2654 1637 2709 veneni

364 2741 624 2809 Occidet;
665 2741 960 2810 Assyrium
983 2741 1150 2811 volgo
1173 2747 1435 2797 nascetur
1463 2758 1759 2797 amomum.

365 2832 445 2883 At
467 2828 627 2882 simul
652 2828 886 2883 heroum
909 2828 1098 2882 laudes
1123 2832 1180 2881 et
1205 2828 1355 2883 facta
1380 2828 1629 2898 parentis

361 2915 484 2970 Iam
505 2914 688 2984 legere
713 2920 770 2969 et
793 2931 934 2985 quae
959 2915 1032 2969 sit
1054 2915 1266 2984 poteris
1290 2931 1623 2985 cognoscere
1646 2914 1855 2969 virtus:

362 3000 516 3057 Molli
542 3001 806 3071 paulatim
830 3000 1088 3055 flavescet
1111 3017 1336 3070 campus
1361 3002 1547 3069 arista,

361 3088 703 3158 Incultisque
725 3088 932 3143 rubens
955 3086 1221 3157 pendebit
1243 3087 1493 3142 sentibus
1517 3104 1641 3157 uva,

359 3174 435 3229 Et
457 3174 626 3230 durae
651 3190 888 3245 quercus
909 3174 1187 3230 sudabunt
1209 3174 1427 3230 roscida
1447 3173 1627 3229 mella.

357 3261 548 3316 Pauca
563 3266 758 3315 tamen
782 3260 1050 3315 suberunt
1071 3261 1288 3330 priscae
1312 3259 1545 3328 vestigia
1566 3258 1794 3327 fraudis,

357 3348 516 3413 Quae
539 3351 814 3416 temptare
839 3346 1058 3401 Thetim
1083 3347 1310 3413 ratibus,
1339 3362 1481 3415 quae
1504 3346 1725 3415 cingere
1748 3346 1923 3399 muris

357 3432 596 3503 Oppida,
623 3448 766 3501 quae
789 3432 1019 3486 iubeant
1041 3432 1228 3485 telluri
1249 3432 1523 3485 infindere
1546 3432 1745 3487 sulcos.

355 3520 525 3575 Alter
547 3518 659 3573 erit
683 3523 805 3572 tum
829 3516 1052 3586 Tiphys,
1083 3522 1139 3571 et
1165 3516 1338 3573 altera
1363 3534 1502 3585 quae
1526 3516 1697 3571 vehat
1721 3514 1877 3583 Argo

2335 1446 2400 1498 10

2333 1878 2398 1930 15

2332 2310 2401 2362 20

2332 2744 2400 2795 25

2338 3168 2407 3219 80
