2725 3892
986 184 1260 234 VERGILI
1306 181 1683 232 GEORGICON
1733 181 1794 230 11.

376 329 791 413 Pascunturque
818 341 971 410 ignes
994 341 1247 396 nocturni
1276 347 1331 394 et
1354 339 1563 394 lumina
1587 338 1842 396 fundunt.

376 428 446 483 Et
471 428 729 482 dubitant
752 427 1007 482 homines
1032 443 1213 480 serere
1239 433 1404 496 atque
1431 425 1750 495 impendere
1777 427 2004 482 curam?

376 514 520 580 Quid
546 515 757 568 maiora
780 513 1009 582 sequar?
1048 513 1239 568 salices
1263 511 1606 582 humilesque
1630 515 1902 582 genestae,
1939 517 1942 520 ’

375 601 492 658 Aut
515 600 643 655 illae
666 600 853 671 pecori
880 599 1132 654 frondem
1159 603 1256 654 aut
1280 597 1594 668 pastoribus
1617 598 1868 653 umbram

374 685 677 754 Sufficiunt,
708 702 1035 756 saepemque
1060 685 1194 740 satis
1218 689 1276 738 et
1300 685 1502 754 pabula
1524 684 1689 738 melli.

374 774 445 833 Et
470 774 622 828 iuvat
646 773 950 828 undantem
979 773 1125 828 buxo
1150 779 1396 842 spectare
1422 771 1688 840 Cytorum

373 860 754 930 Naryciusque
778 860 917 930 picis
939 859 1119 926 lucos;
1161 861 1314 913 iuvat
1340 875 1474 913 arva
1498 858 1688 913 videre

372 946 425 1002 N
430 963 499 1001 on
525 947 735 1015 rastris,
764 946 1051 1001 hominum
1076 962 1189 1000 non
1214 946 1308 999 ulli
1335 945 1578 1001 obnoxia
1601 961 1778 1000 curae.

373 1034 531 1104 Ipsae
556 1033 822 1088 Caucasio
847 1033 1063 1088 steriles
1089 1033 1145 1088 in
1173 1033 1382 1086 vertice
1405 1031 1590 1100 silvae,

372 1120 522 1186 Quas
546 1121 779 1175 animosi
804 1119 936 1174 Euri
962 1119 1189 1174 adsidue
1213 1119 1586 1187 franguntque
1608 1119 1922 1190 feruntque,

371 1207 523 1262 Dant
548 1207 683 1262 alios
707 1207 845 1261 aliae
868 1207 1044 1262 fetus:
1083 1206 1218 1261 dant
1244 1206 1380 1260 utile
1401 1204 1611 1274 lignum

372 1292 622 1362 Navigiis
646 1293 823 1364 pinos,
850 1292 1108 1349 domibus
1132 1292 1462 1361 cedrumque
1487 1309 1908 1363 cupressosque;

368 1379 516 1434 Hinc
540 1379 723 1435 radios
748 1380 953 1434 trivere
977 1379 1131 1448 rotis,
1160 1379 1289 1434 hinc
1316 1383 1577 1449 tympana
1601 1379 1863 1449 plaustris

372 1467 768 1536 Agricolae,‘et
792 1466 1001 1537 pandas
1025 1467 1239 1522 ratibus
1262 1483 1498 1536 posuere
1523 1466 1754 1523 carinas.

372 1553 692 1608 viminibus
716 1553 910 1608 salices
932 1553 1217 1621 fecundae,
1246 1553 1540 1608 frondibus
1564 1553 1713 1624 ulmi,

371 1644 451 1697 At
475 1650 689 1711 myrtus
718 1640 914 1695 validis
938 1639 1227 1694 hastilibus
1251 1643 1309 1694 et
1333 1641 1478 1694 bona
1502 1639 1648 1694 bello

371 1729 619 1798 Cornus;
661 1728 911 1784 Ituraeos
934 1729 1049 1782 taxi
1074 1733 1404 1798 torquentur
1427 1729 1483 1782 in
1510 1745 1686 1784 arcus.

370 1816 425 1871 N
427 1834 490 1872 ec
514 1817 667 1872 tiliae
690 1816 839 1871 leves
864 1821 960 1870 aut
984 1821 1150 1870 torno
1177 1814 1336 1870 rasile
1362 1815 1572 1869 buxum

369 1905 497 1960 Non
521 1907 759 1962 formam
787 1907 1069 1977 accipiunt
1092 1906 1345 1976 ferroque
1373 1911 1642 1960 cavantur
1665 1910 1845 1960 acuto.

369 1991 491 2048 Nec
514 2011 625 2048 uon
654 2000 711 2050 et
735 2001 1039 2052 torrentem
1066 1993 1270 2049 undam
1296 1993 1433 2048 levis
1456 1993 1670 2046 innatat
1694 1991 1866 2058 alnus,

347 2078 537 2136 ‚Missa
560 2081 739 2148 Pad03
778 2099 883 2138 uec
906 2099 1019 2138 non
1046 2087 1104 2136 et
1127 2097 1258 2150 apes
1280 2080 1540 2136 examina
1562 2078 1811 2134 condunt

368 2167 790 2239 Corticibusque
812 2170 963 2224 cavis
987 2169 1325 2238 vitiosaeque
1351 2168 1490 2222 ilicis
1512 2168 1686 2222 alveo.

369 2254 514 2320 Quid
539 2255 957 2311 memorandum
984 2271 1157 2326 aeque
1180 2254 1454 2310 Baccheia
1475 2255 1624 2310 dona
1648 2251 1928 2308 tulerunt?

370 2339 619 2396 Bacchus
643 2346 700 2396 et
724 2342 795 2396 ad
819 2341 1035 2411 culpam
1061 2357 1251 2396 causas
1274 2340 1458 2394 dedit:
1499 2338 1591 2394 ille
1615 2339 1852 2394 furentis

369 2427 679 2484 Centauros
700 2427 815 2482 leto
837 2427 1069 2491 domuit,
1099 2426 1487 2495 Rhoetumque
1511 2423 1855 2494 Pholumque

368 2515 441 2570 Et
464 2530 665 2583 magno
691 2511 963 2582 Hylaeum
987 2511 1237 2582 Lapithis
1261 2519 1474 2566 cratere
1497 2511 1816 2566 minantem.

438 2601 487 2656 Ο
513 2601 825 2656 fortunatos
850 2600 1097 2668 nimium,
1124 2615 1222 2653 sua
1244 2599 1290 2652 si
1317 2597 1464 2652 bona
1488 2598 1690 2665 norint,

368 2687 688 2758 Agricolas!
729 2688 927 2758 quibus
950 2687 1083 2757 ipsa,
1112 2685 1301 2756 procul
1329 2683 1674 2740 discordibus
1697 2681 1879 2752 armis,

368 2773 574 2830 Fundit
595 2773 769 2829 humo
793 2774 1011 2830 facilem
1036 2773 1247 2828 victum
1272 2771 1570 2826 iustissima
1591 2770 1774 2826 tellus.

366 2861 427 2916 Si
452 2878 565 2916 non
589 2861 872 2932 ingentem
895 2860 1111 2916 foribus
1135 2860 1331 2915 domus
1354 2859 1468 2912 alta
1491 2857 1742 2927 superbis

366 2947 529 3004 Mane
554 2948 887 3005 salutantum
914 2948 1048 3002 totis
1071 2947 1249 3002 vomit
1272 2944 1500 3000 aedibus
1525 2943 1744 3012 undam,

366 3035 486 3092 Nec
511 3037 694 3093 varios
717 3034 934 3091 inhiant
958 3033 1189 3105 pulchra
1210 3031 1488 3088 testudine
1513 3032 1703 3101 postis,

366 3122 685 3194 Inlusasque
708 3139 845 3178 auro
868 3129 1065 3190 vestes,
1093 3119 1477 3196 Ephyreiaque
1502 3134 1646 3188 aera,

365 3209 513 3266 Alba
534 3227 715 3281 neque
738 3209 967 3278 Assyrio
990 3208 1212 3264 fucatur
1234 3207 1362 3262 lana
1385 3221 1616 3270 veneno,

363 3295 483 3352 Nec
509 3299 655 3352 casia
678 3295 869 3366 liquidi
894 3295 1269 3364 corrumpitur
1294 3309 1422 3347 usus
1447 3291 1608 3346 olivi:

365 3385 447 3438 At
468 3401 659 3440 secura
682 3383 835 3452 quies
858 3389 915 3437 et
941 3382 1123 3438 nescia
1146 3379 1339 3436 fallere
1364 3380 1498 3448 vita,

364 3467 532 3526 Dives
555 3485 721 3540 opum
748 3469 1037 3536 variarum,
1066 3475 1125 3524 at
1148 3466 1275 3524 latis
1300 3467 1416 3522 otia
1439 3463 1636 3529 fundis,

2304 602 2407 657 486

2297 1905 2404 1957 450

2291 2771 2398 2824 460
