2725 3892
982 166 1255 219 VERGILI
1300 168 1628 219 AENEIDOS
1673 168 1760 217 XI.

358 330 671 385 Observans
696 328 868 384 oculis
892 346 1107 385 summo
1132 328 1290 383 sedet
1314 330 1458 384 altus
1483 329 1740 399 Olympo.

398 405 703 486 'yrrhenum
726 417 947 485 genitor
972 416 1315 471 Tarchonem
1348 417 1408 470 in
1433 417 1642 486 proelia
1665 432 1830 471 saeva

356 504 613 573 Suscitat,
642 508 701 559 et
722 503 960 559 stimulis
982 502 1135 559 haud
1157 504 1416 559 mollibus
1433 504 1595 559 inicit
1617 504 1744 558 irae.

357 590 506 661 Ergo
530 592 677 646 inter
700 590 895 645 caedes
920 590 1284 677 cedentiaque,
1300 591 1526 669 agmina
1549 590 1804 645 Tarchon

356 678 557 733 Fertur
580 694 741 748 equo,
768 678 1045 747 variisque
1052 648 1297 745 'instigat
1322 677 1548 731 vocibus
1571 677 1700 744 alas,

357 765 601 821 Nomine
626 780 897 835 quemque
924 780 1142 833 vocans,
1171 763 1497 833 reficitque
1481 779 1542 819 ιιι
1567 765 1778 831 proelia
1799 764 2003 833 pulsos.

361 852 551 919 “Quis
574 859 769 919 metue,
798 868 833 905 ο
856 866 1156 921 numquam
1182 850 1426 917 dolituri,
1455 868 1492 904 o
1523 866 1742 920 semper
1766 852 1973 905 inertes

358 938 658 1007 Tyrrheni,
676 954 818 1007 quae
842 942 999 993 tanta
1022 936 1223 992 animis
1250 935 1688 1005 ignaviaveniti'

358 1024 589 1079 Femina
610 1024 849 1094 palantis
876 1022 1005 1092 agit,
1034 1028 1201 1092 atque
1224 1022 1361 1077 haec
1385 1024 1608 1092 agmina
1633 1025 1833 1079 vertit?

360 1110 485 1177 Quo
510 1112 737 1178 ferrum,
768 1110 970 1179 quidve
994 1108 1133 1163 haec
1162 1110 1404 1177 gerimus
1427 1110 1540 1165 tela
1565 1112 1738 1165 inrita
1759 1110 1998 1165 dextris!

360 1198 441 1251 At
464 1214 576 1252 non
600 1198 659 1251 in
684 1182 964 1253 Venerem
991 1212 1189 1265 segnes
1220 1179 1602 1267 nocturnaque
1627 1198 1786 1265 bella,
1835 1203 1842 1212 '

361 1285 493 1353 Aut,
522 1284 615 1338 ubi
641 1299 812 1339 curva
836 1282 1035 1337 choros
1058 1282 1261 1337 indixit
1284 1285 1423 1338 tibia
1445 1284 1668 1355 Bacchi,

360 1372 695 1441 Exspectare
720 1370 889 1440 dapes
912 1376 969 1423 et
993 1370 1191 1441 plenae
1215 1372 1416 1441 pocula
1435 1388 1676 1441 mensae
1677 1404 1750 1414 -
1819 1393 1856 1441 t
1903 1430 1923 1448 ‚,
1941 1422 1972 1436 ,,
2000 1414 2011 1424 ,
2061 1394 2067 1408 ·

364 1460 471 1515 Hic
494 1476 663 1527 amor,
689 1458 799 1511 hoc
824 1454 1265 1512 studium-'dum
1292 1476 1454 1543 sacra
1475 1460 1749 1515 secundus
1773 1433 2046 1527 haruspex

362 1544 613 1615 Nuntiet,
642 1561 707 1599 ao
729 1545 883 1599 lucos
908 1552 1069 1601 vocet
1092 1546 1276 1601 hostia
1300 1548 1521 1616 pinguis
1543 1550 1604 1601 in
1629 1543 1824 1601 altosst’

360 1634 517 1689 Haec
540 1632 738 1687 effatus
763 1648 963 1701 equum
992 1634 1047 1688 in
1072 1634 1303 1703 medios,
1330 1634 1634 1689 moriturus
1657 1640 1715 1688 et
1739 1634 1868 1702 ipse,

364 1720 638 1785 Ooncitat,
666 1723 725 1773 et
752 1718 973 1783 Venulo
998 1721 1289 1775 adversum
1314 1738 1375 1775 se
1397 1722 1654 1775 turbidus
1677 1721 1864 1786 infert,

362 1807 777 1876 Dereptumque
804 1807 875 1860 ab
901 1823 1043 1875 equo
1074 1808 1275 1863 dextra
1297 1808 1688 1879 complectitur
1709 1806 1925 1861 hostem

249 1901 255 1908 '
362 1896 438 1949 Et
462 1896 733 1965 gremium
760 1898 888 1948 ante
922 1910 1081 1948 suum
1106 1895 1283 1949 multa
1306 1894 1361 1947 vi
1387 1895 1638 1949 concitus
1663 1894 1858 1948 aufert.

362 1982 597 2037 Tollitur
614 1984 673 2039 in
698 1984 909 2041 caelum
936 1984 1159 2049 clamor,
1190 1982 1484 2051 cunctique
1515 1981 1692 2035 Latini

364 2072 705 2129 Convertere
732 2072 936 2127 ocule&
1011 2070 1185 2125 Volat
1208 2072 1402 2139 igneus
1427 2086 1664 2138 aequore
1689 2068 1957 2133 Tarchon,

365 2161 540 2217 Arma
564 2163 853 2235 virumque
877 2161 1090 2225 ferens3
1135 2166 1253 2211 tum
1279 2172 1494 2211 summa
1519 2156 1689 2224 ipsius
1713 2156 1783 2209 ab
1811 2154 1970 2209 hasta
1998 2210 2006 2216 ,

364 2247 646 2317 Detringit
673 2230 899 2315 ferrum,
928 2252 987 2301 et
1012 2246 1182 2315 partie
1206 2244 1438 2299 rimatur
1463 2250 1694 2312 apertae,

366 2332 489 2399 Qua
514 2334 709 2387 volnus
730 2333 895 2388 letale
920 2333 1095 2392 ferat:
1137 2336 1325 2385 contra
1352 2330 1444 2383 ille
1473 2345 1782 2398 repugnans

343 2418 612 2482 Bustinet
636 2436 669 2474 a
692 2420 879 2488 iugulo
904 2418 1174 2485 dextram,
1204 2424 1263 2472 et
1290 2418 1402 2471 vim
1429 2416 1642 2469 viribus
1663 2416 1794 2469 exit.

366 2504 558 2575 thue'
576 2505 767 2560 volana
792 2505 901 2561 alte
926 2512 1143 2574 raptum
1172 2521 1296 2559 cum
1326 2504 1476 2557 fulva
1499 2501 1796 2557 draconem
1859 2526 1864 2537 ⁴

365 2592 499 2647 Fert
522 2591 719 2662 aquila,
746 2592 1123 2663 implicuitque
1149 2584 1333 2661 peden,
1364 2600 1530 2659 atque
1553 2589 1831 2657 unguibus
1855 2587 2060 2655 haesitz

366 2678 595 2735 Saucius
620 2685 677 2735 at
700 2696 925 2749 serpena
949 2679 1173 2734 sinuosa
1196 2678 1480 2733 volumina
1501 2682 1702 2744 vereat,

365 2768 721 2837 Arrecfisque
748 2766 937 2821 horret
961 2766 1213 2836 squamis,
1242 2772 1301 2819 et
1324 2764 1510 2819 sibilat
1533 2778 1646 2831 ore,

366 2853 593 2909 Arduus
614 2854 939 2923 insurgens;
976 2852 1072 2907 illa
1095 2851 1241 2907 haud
1267 2852 1452 2905 minue
1475 2855 1633 2916 urget
1659 2850 1874 2903 obunco

364 2942 691 2997 Luctantem
720 2950 935 3007 rostr03
974 2938 1139 2993 simul
1164 2936 1392 2993 aethera
1417 2936 1676 2991 verberat
1703 2936 1832 2991 alis:

368 3027 529 3083 Haud
554 3028 713 3083 aliter
736 3026 997 3097 praedam
1023 3026 1311 3080 Tiburtum
1336 3039 1408 3077 ex
1431 3022 1928 3101 agmineoTarchon

366 3116 563 3171 Portat
588 3130 777 3169 ovans.
848 3110 1023 3169 Ducis
1047 3110 1361 3182 exemplum
1387 3114 1757 3179 eventumque
1781 3110 1954 3163 secuti

364 3201 689 3257 Maeonidae
714 3202 1017 3255 incurrunt.
1090 3196 1229 3253 Tu'm
1252 3197 1388 3253 satia
1411 3196 1632 3251 debitus
1656 3194 1876 3251 Arruns

366 3286 635 3343 Velocem
661 3286 837 3342 iaculo
862 3292 921 3342 et
942 3284 1119 3339 multa
1142 3285 1297 3355 prior
1320 3290 1442 3340 arte
1469 3281 1760 3339 Camillam

366 3372 597 3443 Circuit,
624 3380 699 3441 et,
726 3388 865 3444 quae
888 3372 963 3429 sit
984 3372 1217 3427 tortuna
1236 3368 1516 3437 flacillima,
1543 3374 1797 3439 temptat.

370 3457 495 3522 Qua
516 3474 575 3512 ue
600 3474 834 3529 cumque
858 3456 1051 3515 turena
1070 3456 1257 3533 medio
1282 3454 1414 3511 tulit
1437 3456 1652 3520 amuiue
1677 3456 1852 3523 virgo,
1899 3502 1907 3507 .
1995 3500 2009 3510 .

2285 681 2390 734 '720

2289 1110 2391 1165 '735

2289 1546 2396 1603 740

2292 1982 2394 2035 745

2294 2416 2397 2469 7ὄο

2295 2848 2398 2905 766

2299 3284 2404 3339 760
