<?xml version="1.0" encoding="UTF-8"?>
<!DOCTYPE html PUBLIC "-//W3C//DTD XHTML 1.0 Transitional//EN"
    "http://www.w3.org/TR/xhtml1/DTD/xhtml1-transitional.dtd">
<html xmlns="http://www.w3.org/1999/xhtml" xml:lang="en" lang="en">
 <head>
  <title>
</title>
<meta http-equiv="Content-Type" content="text/html;charset=utf-8" />
  <meta name='ocr-system' content='tesseract 3.04.00' />
  <meta name='ocr-capabilities' content='ocr_page ocr_carea ocr_par ocr_line ocrx_word'/>
</head>
<body>
  <div class='ocr_page' id='page_1' title='image "arevisedtextpoe01virggoog_0099.png"; bbox 0 0 2725 3892; ppageno 0'>
   <div class='ocr_carea' id='block_1_1' title="bbox 928 221 1761 273">
    <p class='ocr_par' dir='ltr' id='par_1_1' title="bbox 928 221 1761 273">
     <span class='ocr_line' id='line_1_1' title="bbox 928 221 1761 273; baseline 0.001 -1"><span class='ocrx_word' id='word_1_1' title='bbox 928 221 1201 272; x_wconf 73' lang='lat' dir='ltr'><strong>VERGILI</strong></span> <span class='ocrx_word' id='word_1_2' title='bbox 1246 221 1624 273; x_wconf 69' lang='lat' dir='ltr'>GRORGIOON</span> <span class='ocrx_word' id='word_1_3' title='bbox 1669 221 1761 273; x_wconf 89' lang='lat'><em>111.</em></span> 
     </span>
    </p>
   </div>
   <div class='ocr_carea' id='block_1_2' title="bbox 324 384 1914 456">
    <p class='ocr_par' dir='ltr' id='par_1_2' title="bbox 324 384 1914 456">
     <span class='ocr_line' id='line_1_2' title="bbox 324 384 1914 456; baseline -0.001 -14"><span class='ocrx_word' id='word_1_4' title='bbox 324 385 621 456; x_wconf 74' lang='lat' dir='ltr'><strong>Postquam</strong></span> <span class='ocrx_word' id='word_1_5' title='bbox 648 395 844 440; x_wconf 81' lang='lat' dir='ltr'><strong>exusta</strong></span> <span class='ocrx_word' id='word_1_6' title='bbox 867 384 1039 454; x_wconf 81' lang='lat' dir='ltr'><strong>palus,</strong></span> <span class='ocrx_word' id='word_1_7' title='bbox 1066 389 1356 454; x_wconf 74' lang='lat' dir='ltr'><strong>terraeque</strong></span> <span class='ocrx_word' id='word_1_8' title='bbox 1383 386 1580 439; x_wconf 87' lang='lat' dir='ltr'><strong>ardore</strong></span> <span class='ocrx_word' id='word_1_9' title='bbox 1604 385 1914 453; x_wconf 77' lang='lat' dir='ltr'><strong>dehiscunt,</strong></span> 
     </span>
    </p>
   </div>
   <div class='ocr_carea' id='block_1_3' title="bbox 220 465 1826 541">
    <p class='ocr_par' dir='ltr' id='par_1_3' title="bbox 220 465 1826 541">
     <span class='ocr_line' id='line_1_3' title="bbox 220 465 1826 541; baseline 0.001 -15"><span class='ocrx_word' id='word_1_10' title='bbox 220 465 225 468; x_wconf 65' lang='grc'><strong>’</strong></span> <span class='ocrx_word' id='word_1_11' title='bbox 322 473 521 528; x_wconf 72' lang='lat' dir='ltr'><strong>Exsilit</strong></span> <span class='ocrx_word' id='word_1_12' title='bbox 544 473 602 526; x_wconf 86' lang='lat' dir='ltr'><strong>in</strong></span> <span class='ocrx_word' id='word_1_13' title='bbox 628 473 853 539; x_wconf 82' lang='lat' dir='ltr'><strong>siccum,</strong></span> <span class='ocrx_word' id='word_1_14' title='bbox 880 476 939 525; x_wconf 88' lang='lat' dir='ltr'><strong>et</strong></span> <span class='ocrx_word' id='word_1_15' title='bbox 962 471 1305 526; x_wconf 83' lang='lat' dir='ltr'><strong>flammantia</strong></span> <span class='ocrx_word' id='word_1_16' title='bbox 1326 471 1540 526; x_wconf 77' lang='lat' dir='ltr'><strong>lumina</strong></span> <span class='ocrx_word' id='word_1_17' title='bbox 1561 477 1826 541; x_wconf 75' lang='lat' dir='ltr'><strong>torquens</strong></span> 
     </span>
    </p>
   </div>
   <div class='ocr_carea' id='block_1_4' title="bbox 320 558 1942 3578">
    <p class='ocr_par' dir='ltr' id='par_1_4' title="bbox 320 558 1942 3578">
     <span class='ocr_line' id='line_1_4' title="bbox 322 558 1812 628; baseline 0 -15"><span class='ocrx_word' id='word_1_18' title='bbox 322 559 510 614; x_wconf 78' lang='lat' dir='ltr'><strong>Saevit</strong></span> <span class='ocrx_word' id='word_1_19' title='bbox 534 559 692 628; x_wconf 74' lang='lat' dir='ltr'><strong>agl-ie,</strong></span> <span class='ocrx_word' id='word_1_20' title='bbox 716 573 981 628; x_wconf 78' lang='lat' dir='ltr'><strong>asperque</strong></span> <span class='ocrx_word' id='word_1_21' title='bbox 1006 558 1099 612; x_wconf 80' lang='lat' dir='ltr'><strong>siti</strong></span> <span class='ocrx_word' id='word_1_22' title='bbox 1122 563 1290 627; x_wconf 80' lang='lat' dir='ltr'><strong>atque</strong></span> <span class='ocrx_word' id='word_1_23' title='bbox 1314 559 1616 612; x_wconf 78' lang='lat' dir='ltr'><strong>exterritus</strong></span> <span class='ocrx_word' id='word_1_24' title='bbox 1640 563 1812 613; x_wconf 74' lang='lat' dir='ltr'><strong>aestu.</strong></span> 
     </span>
     <span class='ocr_line' id='line_1_5' title="bbox 322 644 1748 713; baseline -0.001 -14"><span class='ocrx_word' id='word_1_25' title='bbox 322 645 443 700; x_wconf 82' lang='lat' dir='ltr'><strong>Nec</strong></span> <span class='ocrx_word' id='word_1_26' title='bbox 468 645 602 698; x_wconf 85' lang='lat' dir='ltr'><strong>mihi</strong></span> <span class='ocrx_word' id='word_1_27' title='bbox 626 651 745 699; x_wconf 87' lang='lat' dir='ltr'><strong>tum</strong></span> <span class='ocrx_word' id='word_1_28' title='bbox 768 644 951 698; x_wconf 82' lang='lat' dir='ltr'><strong>mollis</strong></span> <span class='ocrx_word' id='word_1_29' title='bbox 974 644 1075 698; x_wconf 88' lang='lat' dir='ltr'><strong>sub</strong></span> <span class='ocrx_word' id='word_1_30' title='bbox 1102 644 1235 698; x_wconf 82' lang='lat' dir='ltr'><strong>divo</strong></span> <span class='ocrx_word' id='word_1_31' title='bbox 1258 659 1485 713; x_wconf 83' lang='lat' dir='ltr'><strong>carpere</strong></span> <span class='ocrx_word' id='word_1_32' title='bbox 1511 660 1748 712; x_wconf 78' lang='lat' dir='ltr'><strong>somnos,</strong></span> 
     </span>
     <span class='ocr_line' id='line_1_6' title="bbox 322 731 1718 800; baseline 0 -14"><span class='ocrx_word' id='word_1_33' title='bbox 322 731 448 786; x_wconf 83' lang='lat' dir='ltr'><strong>Neu</strong></span> <span class='ocrx_word' id='word_1_34' title='bbox 472 731 637 786; x_wconf 80' lang='lat' dir='ltr'><strong>dorso</strong></span> <span class='ocrx_word' id='word_1_35' title='bbox 659 731 903 785; x_wconf 78' lang='lat' dir='ltr'><strong>nemoris</strong></span> <span class='ocrx_word' id='word_1_36' title='bbox 926 731 1099 786; x_wconf 88' lang='lat' dir='ltr'><strong>libeat</strong></span> <span class='ocrx_word' id='word_1_37' title='bbox 1120 731 1355 786; x_wconf 76' lang='lat' dir='ltr'><strong>iacuisse</strong></span> <span class='ocrx_word' id='word_1_38' title='bbox 1379 747 1482 800; x_wconf 87' lang='lat' dir='ltr'><strong>per</strong></span> <span class='ocrx_word' id='word_1_39' title='bbox 1505 731 1718 800; x_wconf 80' lang='lat' dir='ltr'><strong>herbas,</strong></span> 
     </span>
     <span class='ocr_line' id='line_1_7' title="bbox 322 816 1730 889; baseline 0.002 -16"><span class='ocrx_word' id='word_1_40' title='bbox 322 819 463 873; x_wconf 82' lang='lat' dir='ltr'><strong>Cum</strong></span> <span class='ocrx_word' id='word_1_41' title='bbox 489 818 683 889; x_wconf 81' lang='lat' dir='ltr'><strong>positis</strong></span> <span class='ocrx_word' id='word_1_42' title='bbox 704 833 884 872; x_wconf 78' lang='lat' dir='ltr'><strong>novus</strong></span> <span class='ocrx_word' id='word_1_43' title='bbox 908 817 1121 872; x_wconf 83' lang='lat' dir='ltr'><strong>exuviis</strong></span> <span class='ocrx_word' id='word_1_44' title='bbox 1144 816 1461 887; x_wconf 83' lang='lat' dir='ltr'><strong>nitidusque</strong></span> <span class='ocrx_word' id='word_1_45' title='bbox 1485 817 1730 876; x_wconf 82' lang='lat' dir='ltr'><strong>iuventa.</strong></span> 
     </span>
     <span class='ocr_line' id='line_1_8' title="bbox 324 903 1764 974; baseline 0.001 -16"><span class='ocrx_word' id='word_1_46' title='bbox 324 905 599 974; x_wconf 80' lang='lat' dir='ltr'>Volvitur,</span> <span class='ocrx_word' id='word_1_47' title='bbox 628 909 723 959; x_wconf 85' lang='lat' dir='ltr'><strong>aut</strong></span> <span class='ocrx_word' id='word_1_48' title='bbox 749 903 964 959; x_wconf 77' lang='lat' dir='ltr'><strong>catulos</strong></span> <span class='ocrx_word' id='word_1_49' title='bbox 988 905 1153 958; x_wconf 78' lang='lat' dir='ltr'><strong>tectis</strong></span> <span class='ocrx_word' id='word_1_50' title='bbox 1178 907 1275 958; x_wconf 83' lang='lat' dir='ltr'><strong>aut</strong></span> <span class='ocrx_word' id='word_1_51' title='bbox 1299 921 1407 958; x_wconf 78' lang='lat' dir='ltr'><strong>ova</strong></span> <span class='ocrx_word' id='word_1_52' title='bbox 1429 903 1764 974; x_wconf 67' lang='lat' dir='ltr'><strong>relinquens,</strong></span> 
     </span>
     <span class='ocr_line' id='line_1_9' title="bbox 320 990 1766 1066; baseline 0 -19"><span class='ocrx_word' id='word_1_53' title='bbox 320 992 549 1047; x_wconf 78' lang='lat' dir='ltr'>Arduus</span> <span class='ocrx_word' id='word_1_54' title='bbox 574 991 641 1046; x_wconf 86' lang='lat' dir='ltr'><strong>ad</strong></span> <span class='ocrx_word' id='word_1_55' title='bbox 668 991 856 1060; x_wconf 83' lang='lat' dir='ltr'><strong>solem,</strong></span> <span class='ocrx_word' id='word_1_56' title='bbox 884 996 943 1045; x_wconf 87' lang='lat' dir='ltr'><strong>et</strong></span> <span class='ocrx_word' id='word_1_57' title='bbox 966 990 1169 1059; x_wconf 80' lang='lat' dir='ltr'><strong>linguis</strong></span> <span class='ocrx_word' id='word_1_58' title='bbox 1191 991 1359 1045; x_wconf 87' lang='lat' dir='ltr'><strong>micat</strong></span> <span class='ocrx_word' id='word_1_59' title='bbox 1385 1007 1482 1045; x_wconf 91' lang='lat' dir='ltr'><strong>ore</strong></span> <span class='ocrx_word' id='word_1_60' title='bbox 1507 990 1766 1066; x_wconf 61' lang='lat' dir='ltr'><strong>trisulcis„</strong></span> 
     </span>
     <span class='ocr_line' id='line_1_10' title="bbox 390 1078 1762 1148; baseline 0.001 -16"><span class='ocrx_word' id='word_1_61' title='bbox 390 1079 711 1134; x_wconf 79' lang='lat' dir='ltr'><strong>Morborum</strong></span> <span class='ocrx_word' id='word_1_62' title='bbox 736 1095 951 1148; x_wconf 90' lang='lat' dir='ltr'><strong>quoque</strong></span> <span class='ocrx_word' id='word_1_63' title='bbox 976 1085 1034 1132; x_wconf 85' lang='lat' dir='ltr'><strong>te</strong></span> <span class='ocrx_word' id='word_1_64' title='bbox 1058 1094 1249 1132; x_wconf 77' lang='lat' dir='ltr'><strong>caueae</strong></span> <span class='ocrx_word' id='word_1_65' title='bbox 1270 1084 1329 1132; x_wconf 86' lang='lat' dir='ltr'><strong>et</strong></span> <span class='ocrx_word' id='word_1_66' title='bbox 1352 1079 1512 1147; x_wconf 79' lang='lat' dir='ltr'><strong>signa</strong></span> <span class='ocrx_word' id='word_1_67' title='bbox 1533 1078 1762 1134; x_wconf 76' lang='lat' dir='ltr'><strong>docebo·</strong></span> 
     </span>
     <span class='ocr_line' id='line_1_11' title="bbox 320 1165 1767 1236; baseline 0 -16"><span class='ocrx_word' id='word_1_68' title='bbox 320 1165 519 1236; x_wconf 82' lang='lat' dir='ltr'><strong>Turpis</strong></span> <span class='ocrx_word' id='word_1_69' title='bbox 543 1165 661 1220; x_wconf 78' lang='lat' dir='ltr'><strong>ovis</strong></span> <span class='ocrx_word' id='word_1_70' title='bbox 687 1171 925 1235; x_wconf 81' lang='lat' dir='ltr'><strong>temptat</strong></span> <span class='ocrx_word' id='word_1_71' title='bbox 948 1166 1175 1234; x_wconf 70' lang='lat' dir='ltr'><strong>scabies,</strong></span> <span class='ocrx_word' id='word_1_72' title='bbox 1206 1165 1301 1220; x_wconf 89' lang='lat' dir='ltr'><strong>ubi</strong></span> <span class='ocrx_word' id='word_1_73' title='bbox 1326 1166 1564 1236; x_wconf 74' lang='lat' dir='ltr'><strong>frigidus</strong></span> <span class='ocrx_word' id='word_1_74' title='bbox 1585 1166 1767 1222; x_wconf 88' lang='lat' dir='ltr'><strong>imber</strong></span> 
     </span>
     <span class='ocr_line' id='line_1_12' title="bbox 321 1251 1582 1321; baseline -0.001 -14"><span class='ocrx_word' id='word_1_75' title='bbox 321 1253 509 1308; x_wconf 77' lang='lat' dir='ltr'><strong>Altius</strong></span> <span class='ocrx_word' id='word_1_76' title='bbox 533 1252 602 1307; x_wconf 86' lang='lat' dir='ltr'><strong>ad</strong></span> <span class='ocrx_word' id='word_1_77' title='bbox 627 1253 817 1306; x_wconf 82' lang='lat' dir='ltr'><strong>vivum</strong></span> <span class='ocrx_word' id='word_1_78' title='bbox 842 1251 1087 1321; x_wconf 82' lang='lat' dir='ltr'><strong>persedit</strong></span> <span class='ocrx_word' id='word_1_79' title='bbox 1110 1258 1168 1307; x_wconf 88' lang='lat' dir='ltr'><strong>et</strong></span> <span class='ocrx_word' id='word_1_80' title='bbox 1190 1253 1419 1308; x_wconf 85' lang='lat' dir='ltr'><strong>horrida</strong></span> <span class='ocrx_word' id='word_1_81' title='bbox 1441 1269 1582 1308; x_wconf 85' lang='lat' dir='ltr'><strong>cano</strong></span> 
     </span>
     <span class='ocr_line' id='line_1_13' title="bbox 320 1338 1668 1408; baseline 0.001 -15"><span class='ocrx_word' id='word_1_82' title='bbox 320 1338 530 1394; x_wconf 87' lang='lat' dir='ltr'><strong>Bruma</strong></span> <span class='ocrx_word' id='word_1_83' title='bbox 551 1339 691 1408; x_wconf 81' lang='lat' dir='ltr'><strong>gelu,</strong></span> <span class='ocrx_word' id='word_1_84' title='bbox 722 1338 811 1392; x_wconf 82' lang='lat' dir='ltr'><strong>vel</strong></span> <span class='ocrx_word' id='word_1_85' title='bbox 835 1354 961 1393; x_wconf 89' lang='lat' dir='ltr'><strong>oum</strong></span> <span class='ocrx_word' id='word_1_86' title='bbox 984 1339 1163 1393; x_wconf 75' lang='lat' dir='ltr'><strong>tonsis</strong></span> <span class='ocrx_word' id='word_1_87' title='bbox 1186 1340 1394 1394; x_wconf 75' lang='lat' dir='ltr'><strong>inlotus</strong></span> <span class='ocrx_word' id='word_1_88' title='bbox 1419 1340 1668 1394; x_wconf 76' lang='lat' dir='ltr'><strong>adhaesit</strong></span> 
     </span>
     <span class='ocr_line' id='line_1_14' title="bbox 320 1425 1645 1496; baseline 0.001 -16"><span class='ocrx_word' id='word_1_89' title='bbox 320 1425 518 1495; x_wconf 80' lang='lat' dir='ltr'><strong>Sudor,</strong></span> <span class='ocrx_word' id='word_1_90' title='bbox 547 1429 605 1480; x_wconf 84' lang='lat' dir='ltr'><strong>et</strong></span> <span class='ocrx_word' id='word_1_91' title='bbox 628 1425 827 1479; x_wconf 78' lang='lat' dir='ltr'><strong>hirsuti</strong></span> <span class='ocrx_word' id='word_1_92' title='bbox 855 1431 1148 1480; x_wconf 81' lang='lat' dir='ltr'><strong>secuerunt</strong></span> <span class='ocrx_word' id='word_1_93' title='bbox 1174 1441 1412 1495; x_wconf 85' lang='lat' dir='ltr'><strong>corpora</strong></span> <span class='ocrx_word' id='word_1_94' title='bbox 1434 1441 1645 1496; x_wconf 79' lang='lat' dir='ltr'><strong>vepres.</strong></span> 
     </span>
     <span class='ocr_line' id='line_1_15' title="bbox 321 1509 1682 1582; baseline 0.002 -17"><span class='ocrx_word' id='word_1_95' title='bbox 321 1511 589 1566; x_wconf 77' lang='lat' dir='ltr'>Dulcibus</span> <span class='ocrx_word' id='word_1_96' title='bbox 611 1511 820 1567; x_wconf 85' lang='lat' dir='ltr'><strong>idcireo</strong></span> <span class='ocrx_word' id='word_1_97' title='bbox 844 1509 1027 1566; x_wconf 79' lang='lat' dir='ltr'><strong>fluviis</strong></span> <span class='ocrx_word' id='word_1_98' title='bbox 1052 1527 1221 1582; x_wconf 84' lang='lat' dir='ltr'><strong>pecus</strong></span> <span class='ocrx_word' id='word_1_99' title='bbox 1246 1528 1410 1566; x_wconf 86' lang='lat' dir='ltr'><strong>omne</strong></span> <span class='ocrx_word' id='word_1_100' title='bbox 1435 1513 1682 1582; x_wconf 77' lang='lat' dir='ltr'><strong>magistri</strong></span> 
     </span>
     <span class='ocr_line' id='line_1_16' title="bbox 322 1599 1606 1671; baseline 0.002 -19"><span class='ocrx_word' id='word_1_101' title='bbox 322 1599 684 1669; x_wconf 84' lang='lat' dir='ltr'><strong>Perfundunt‚</strong></span> <span class='ocrx_word' id='word_1_102' title='bbox 711 1600 943 1671; x_wconf 82' lang='lat' dir='ltr'><strong>udisque</strong></span> <span class='ocrx_word' id='word_1_103' title='bbox 967 1601 1111 1656; x_wconf 78' lang='lat' dir='ltr'><strong>ariae</strong></span> <span class='ocrx_word' id='word_1_104' title='bbox 1132 1601 1193 1654; x_wconf 88' lang='lat' dir='ltr'><strong>in</strong></span> <span class='ocrx_word' id='word_1_105' title='bbox 1216 1601 1436 1670; x_wconf 79' lang='lat' dir='ltr'><strong>gurgite</strong></span> <span class='ocrx_word' id='word_1_106' title='bbox 1459 1600 1606 1654; x_wconf 75' lang='lat' dir='ltr'><strong>villis</strong></span> 
     </span>
     <span class='ocr_line' id='line_1_17' title="bbox 323 1685 1630 1757; baseline 0 -17"><span class='ocrx_word' id='word_1_107' title='bbox 323 1685 609 1756; x_wconf 72' lang='lat' dir='ltr'><strong>Mereatur,</strong></span> <span class='ocrx_word' id='word_1_108' title='bbox 638 1686 945 1757; x_wconf 74' lang='lat' dir='ltr'><strong>missusque</strong></span> <span class='ocrx_word' id='word_1_109' title='bbox 968 1687 1211 1742; x_wconf 71' lang='lat' dir='ltr'><strong>seeundo</strong></span> <span class='ocrx_word' id='word_1_110' title='bbox 1236 1686 1430 1742; x_wconf 87' lang='lat' dir='ltr'><strong>defluit</strong></span> <span class='ocrx_word' id='word_1_111' title='bbox 1453 1688 1630 1755; x_wconf 82' lang='lat' dir='ltr'><strong>amni3</strong></span> 
     </span>
     <span class='ocr_line' id='line_1_18' title="bbox 323 1771 1703 1844; baseline 0.003 -18"><span class='ocrx_word' id='word_1_112' title='bbox 323 1771 443 1826; x_wconf 80' lang='lat' dir='ltr'><strong>Aut</strong></span> <span class='ocrx_word' id='word_1_113' title='bbox 467 1778 689 1827; x_wconf 81' lang='lat' dir='ltr'><strong>tonsum</strong></span> <span class='ocrx_word' id='word_1_114' title='bbox 713 1773 861 1828; x_wconf 82' lang='lat' dir='ltr'><strong>tristi</strong></span> <span class='ocrx_word' id='word_1_115' title='bbox 886 1775 1217 1844; x_wconf 81' lang='lat' dir='ltr'><strong>contingunt</strong></span> <span class='ocrx_word' id='word_1_116' title='bbox 1240 1789 1440 1844; x_wconf 79' lang='lat' dir='ltr'><strong>corpus</strong></span> <span class='ocrx_word' id='word_1_117' title='bbox 1463 1789 1703 1844; x_wconf 77' lang='lat' dir='ltr'><strong>amurca,</strong></span> 
     </span>
     <span class='ocr_line' id='line_1_19' title="bbox 322 1859 1678 1930; baseline 0.003 -18"><span class='ocrx_word' id='word_1_118' title='bbox 322 1859 397 1913; x_wconf 81' lang='lat' dir='ltr'><strong>Et</strong></span> <span class='ocrx_word' id='word_1_119' title='bbox 419 1875 639 1930; x_wconf 81' lang='lat' dir='ltr'><strong>spumae</strong></span> <span class='ocrx_word' id='word_1_120' title='bbox 662 1859 901 1915; x_wconf 82' lang='lat' dir='ltr'><strong>miscent</strong></span> <span class='ocrx_word' id='word_1_121' title='bbox 924 1861 1141 1930; x_wconf 77' lang='lat' dir='ltr'><strong>argenti</strong></span> <span class='ocrx_word' id='word_1_122' title='bbox 1166 1866 1225 1915; x_wconf 89' lang='lat' dir='ltr'><strong>et</strong></span> <span class='ocrx_word' id='word_1_123' title='bbox 1246 1861 1512 1930; x_wconf 75' lang='lat' dir='ltr'><strong>sulphura</strong></span> <span class='ocrx_word' id='word_1_124' title='bbox 1535 1862 1678 1929; x_wconf 75' lang='lat' dir='ltr'><strong>viva,</strong></span> 
     </span>
     <span class='ocr_line' id='line_1_20' title="bbox 324 1946 1570 2017; baseline 0.002 -16"><span class='ocrx_word' id='word_1_125' title='bbox 324 1946 625 2016; x_wconf 75' lang='lat' dir='ltr'><strong>Idaeasque</strong></span> <span class='ocrx_word' id='word_1_126' title='bbox 649 1947 799 2016; x_wconf 83' lang='lat' dir='ltr'><strong>pices</strong></span> <span class='ocrx_word' id='word_1_127' title='bbox 823 1952 880 2001; x_wconf 90' lang='lat' dir='ltr'><strong>et</strong></span> <span class='ocrx_word' id='word_1_128' title='bbox 903 1947 1123 2017; x_wconf 82' lang='lat' dir='ltr'><strong>pinguis</strong></span> <span class='ocrx_word' id='word_1_129' title='bbox 1146 1949 1391 2016; x_wconf 75' lang='lat' dir='ltr'><strong>ung-uiue</strong></span> <span class='ocrx_word' id='word_1_130' title='bbox 1415 1963 1570 2003; x_wconf 77' lang='lat' dir='ltr'><strong>cerae</strong></span> 
     </span>
     <span class='ocr_line' id='line_1_21' title="bbox 322 2031 1908 2106; baseline 0.001 -18"><span class='ocrx_word' id='word_1_131' title='bbox 322 2031 651 2103; x_wconf 82' lang='lat' dir='ltr'><strong>Scillamque</strong></span> <span class='ocrx_word' id='word_1_132' title='bbox 676 2033 1054 2104; x_wconf 71' lang='lat' dir='ltr'><strong>elleborosque</strong></span> <span class='ocrx_word' id='word_1_133' title='bbox 1078 2035 1263 2103; x_wconf 79' lang='lat' dir='ltr'><strong>gravis</strong></span> <span class='ocrx_word' id='word_1_134' title='bbox 1284 2035 1617 2106; x_wconf 83' lang='lat' dir='ltr'><strong>nigrumque</strong></span> <span class='ocrx_word' id='word_1_135' title='bbox 1641 2035 1908 2090; x_wconf 84' lang='lat' dir='ltr'><strong>bitumen.</strong></span> 
     </span>
     <span class='ocr_line' id='line_1_22' title="bbox 322 2118 1942 2191; baseline 0 -17"><span class='ocrx_word' id='word_1_136' title='bbox 322 2118 454 2174; x_wconf 78' lang='lat' dir='ltr'><strong>Non</strong></span> <span class='ocrx_word' id='word_1_137' title='bbox 479 2126 669 2174; x_wconf 85' lang='lat' dir='ltr'><strong>tamen</strong></span> <span class='ocrx_word' id='word_1_138' title='bbox 692 2119 805 2175; x_wconf 87' lang='lat' dir='ltr'><strong>ulla</strong></span> <span class='ocrx_word' id='word_1_139' title='bbox 826 2121 1003 2191; x_wconf 77' lang='lat' dir='ltr'><strong>magis</strong></span> <span class='ocrx_word' id='word_1_140' title='bbox 1026 2137 1287 2190; x_wconf 79' lang='lat' dir='ltr'><strong>praesens</strong></span> <span class='ocrx_word' id='word_1_141' title='bbox 1311 2122 1539 2176; x_wconf 80' lang='lat' dir='ltr'><strong>fortuna</strong></span> <span class='ocrx_word' id='word_1_142' title='bbox 1561 2121 1814 2176; x_wconf 89' lang='lat' dir='ltr'><strong>laborum</strong></span> <span class='ocrx_word' id='word_1_143' title='bbox 1841 2127 1942 2186; x_wconf 76' lang='lat' dir='ltr'><strong>est,</strong></span> 
     </span>
     <span class='ocr_line' id='line_1_23' title="bbox 324 2205 1743 2278; baseline -0.001 -16"><span class='ocrx_word' id='word_1_144' title='bbox 324 2205 505 2275; x_wconf 78' lang='lat' dir='ltr'><strong>Quam</strong></span> <span class='ocrx_word' id='word_1_145' title='bbox 530 2207 577 2260; x_wconf 81' lang='lat' dir='ltr'><strong>ei</strong></span> <span class='ocrx_word' id='word_1_146' title='bbox 603 2207 723 2277; x_wconf 84' lang='lat' dir='ltr'><strong>quis</strong></span> <span class='ocrx_word' id='word_1_147' title='bbox 744 2207 899 2262; x_wconf 78' lang='lat' dir='ltr'><strong>ferro</strong></span> <span class='ocrx_word' id='word_1_148' title='bbox 922 2209 1109 2278; x_wconf 87' lang='lat' dir='ltr'><strong>potuit</strong></span> <span class='ocrx_word' id='word_1_149' title='bbox 1134 2207 1451 2264; x_wconf 75' lang='lat' dir='ltr'><strong>rescindere</strong></span> <span class='ocrx_word' id='word_1_150' title='bbox 1473 2223 1743 2262; x_wconf 81' lang='lat' dir='ltr'><strong>summum</strong></span> 
     </span>
     <span class='ocr_line' id='line_1_24' title="bbox 326 2291 1638 2365; baseline 0 -17"><span class='ocrx_word' id='word_1_151' title='bbox 326 2291 539 2348; x_wconf 82' lang='lat' dir='ltr'><strong>Ulceris</strong></span> <span class='ocrx_word' id='word_1_152' title='bbox 562 2309 650 2348; x_wconf 75' lang='lat' dir='ltr'><strong>oe:</strong></span> <span class='ocrx_word' id='word_1_153' title='bbox 692 2292 860 2348; x_wconf 82' lang='lat' dir='ltr'><strong>alitur</strong></span> <span class='ocrx_word' id='word_1_154' title='bbox 884 2294 1083 2349; x_wconf 84' lang='lat' dir='ltr'><strong>vitium</strong></span> <span class='ocrx_word' id='word_1_155' title='bbox 1108 2295 1357 2365; x_wconf 78' lang='lat' dir='ltr'><strong>vivitque</strong></span> <span class='ocrx_word' id='word_1_156' title='bbox 1385 2294 1638 2364; x_wconf 79' lang='lat' dir='ltr'><strong>tegendo,</strong></span> 
     </span>
     <span class='ocr_line' id='line_1_25' title="bbox 325 2377 1806 2450; baseline 0.001 -16"><span class='ocrx_word' id='word_1_157' title='bbox 325 2377 471 2434; x_wconf 88' lang='lat' dir='ltr'><strong>Dum</strong></span> <span class='ocrx_word' id='word_1_158' title='bbox 497 2379 737 2435; x_wconf 81' lang='lat' dir='ltr'><strong>medicas</strong></span> <span class='ocrx_word' id='word_1_159' title='bbox 760 2380 1023 2436; x_wconf 82' lang='lat' dir='ltr'><strong>adhibere</strong></span> <span class='ocrx_word' id='word_1_160' title='bbox 1047 2397 1244 2436; x_wconf 75' lang='lat' dir='ltr'><strong>manus</strong></span> <span class='ocrx_word' id='word_1_161' title='bbox 1266 2381 1335 2436; x_wconf 87' lang='lat' dir='ltr'><strong>ad</strong></span> <span class='ocrx_word' id='word_1_162' title='bbox 1360 2381 1592 2436; x_wconf 79' lang='lat' dir='ltr'><strong>volnera</strong></span> <span class='ocrx_word' id='word_1_163' title='bbox 1613 2387 1806 2450; x_wconf 81' lang='lat' dir='ltr'><strong>pastor</strong></span> 
     </span>
     <span class='ocr_line' id='line_1_26' title="bbox 326 2467 1762 2538; baseline 0.001 -17"><span class='ocrx_word' id='word_1_164' title='bbox 326 2467 600 2538; x_wconf 80' lang='lat' dir='ltr'><strong>Abnegat,</strong></span> <span class='ocrx_word' id='word_1_165' title='bbox 630 2473 687 2522; x_wconf 88' lang='lat' dir='ltr'><strong>et</strong></span> <span class='ocrx_word' id='word_1_166' title='bbox 708 2467 939 2522; x_wconf 84' lang='lat' dir='ltr'><strong>meliora</strong></span> <span class='ocrx_word' id='word_1_167' title='bbox 965 2467 1101 2522; x_wconf 79' lang='lat' dir='ltr'><strong>deos</strong></span> <span class='ocrx_word' id='word_1_168' title='bbox 1122 2467 1279 2523; x_wconf 75' lang='lat' dir='ltr'><strong>sedet</strong></span> <span class='ocrx_word' id='word_1_169' title='bbox 1303 2469 1492 2524; x_wconf 81' lang='lat' dir='ltr'><strong>omina</strong></span> <span class='ocrx_word' id='word_1_170' title='bbox 1513 2483 1762 2538; x_wconf 78' lang='lat' dir='ltr'><strong>poscens.</strong></span> 
     </span>
     <span class='ocr_line' id='line_1_27' title="bbox 326 2553 1772 2624; baseline 0.001 -15"><span class='ocrx_word' id='word_1_171' title='bbox 326 2553 474 2619; x_wconf 84' lang='lat' dir='ltr'><strong>Quin</strong></span> <span class='ocrx_word' id='word_1_172' title='bbox 500 2554 683 2621; x_wconf 84' lang='lat' dir='ltr'><strong>etiam,</strong></span> <span class='ocrx_word' id='word_1_173' title='bbox 710 2554 827 2610; x_wconf 85' lang='lat' dir='ltr'><strong>ima</strong></span> <span class='ocrx_word' id='word_1_174' title='bbox 848 2553 1009 2609; x_wconf 87' lang='lat' dir='ltr'><strong>dolor</strong></span> <span class='ocrx_word' id='word_1_175' title='bbox 1032 2553 1316 2609; x_wconf 86' lang='lat' dir='ltr'><strong>balantum</strong></span> <span class='ocrx_word' id='word_1_176' title='bbox 1341 2555 1530 2624; x_wconf 76' lang='lat' dir='ltr'><strong>lapsus</strong></span> <span class='ocrx_word' id='word_1_177' title='bbox 1553 2554 1622 2610; x_wconf 79' lang='lat' dir='ltr'><strong>ad</strong></span> <span class='ocrx_word' id='word_1_178' title='bbox 1647 2571 1772 2610; x_wconf 80' lang='lat' dir='ltr'><strong>osea</strong></span> 
     </span>
     <span class='ocr_line' id='line_1_28' title="bbox 324 2639 1719 2711; baseline 0 -15"><span class='ocrx_word' id='word_1_179' title='bbox 324 2639 465 2696; x_wconf 78' lang='lat' dir='ltr'><strong>Gum</strong></span> <span class='ocrx_word' id='word_1_180' title='bbox 489 2641 629 2696; x_wconf 78' lang='lat' dir='ltr'><strong>furit</strong></span> <span class='ocrx_word' id='word_1_181' title='bbox 652 2645 818 2711; x_wconf 85' lang='lat' dir='ltr'><strong>atque</strong></span> <span class='ocrx_word' id='word_1_182' title='bbox 842 2646 995 2696; x_wconf 70' lang='lat' dir='ltr'><strong>artus</strong></span> <span class='ocrx_word' id='word_1_183' title='bbox 1016 2639 1333 2710; x_wconf 77' lang='lat' dir='ltr'><strong>depascitur</strong></span> <span class='ocrx_word' id='word_1_184' title='bbox 1350 2641 1508 2696; x_wconf 84' lang='lat' dir='ltr'><strong>arida</strong></span> <span class='ocrx_word' id='word_1_185' title='bbox 1529 2641 1719 2709; x_wconf 61' lang='lat' dir='ltr'><strong>febris,</strong></span> 
     </span>
     <span class='ocr_line' id='line_1_29' title="bbox 324 2725 1564 2783; baseline -0.001 0"><span class='ocrx_word' id='word_1_186' title='bbox 324 2725 547 2783; x_wconf 80' lang='lat' dir='ltr'><strong>Profuit</strong></span> <span class='ocrx_word' id='word_1_187' title='bbox 570 2728 827 2782; x_wconf 85' lang='lat' dir='ltr'><strong>incensos</strong></span> <span class='ocrx_word' id='word_1_188' title='bbox 850 2733 1033 2782; x_wconf 76' lang='lat' dir='ltr'><strong>aestus</strong></span> <span class='ocrx_word' id='word_1_189' title='bbox 1058 2733 1309 2783; x_wconf 84' lang='lat' dir='ltr'><strong>avertere</strong></span> <span class='ocrx_word' id='word_1_190' title='bbox 1332 2733 1394 2782; x_wconf 91' lang='lat' dir='ltr'><strong>et</strong></span> <span class='ocrx_word' id='word_1_191' title='bbox 1413 2728 1564 2783; x_wconf 89' lang='lat' dir='ltr'><strong>iuter</strong></span> 
     </span>
     <span class='ocr_line' id='line_1_30' title="bbox 324 2811 1668 2884; baseline 0 -15"><span class='ocrx_word' id='word_1_192' title='bbox 324 2811 445 2870; x_wconf 84' lang='lat' dir='ltr'><strong>Ima</strong></span> <span class='ocrx_word' id='word_1_193' title='bbox 465 2813 631 2868; x_wconf 76' lang='lat' dir='ltr'><strong>ferire</strong></span> <span class='ocrx_word' id='word_1_194' title='bbox 654 2813 811 2884; x_wconf 85' lang='lat' dir='ltr'><strong>pedis</strong></span> <span class='ocrx_word' id='word_1_195' title='bbox 834 2813 1115 2870; x_wconf 80' lang='lat' dir='ltr'><strong>salientem</strong></span> <span class='ocrx_word' id='word_1_196' title='bbox 1144 2815 1414 2884; x_wconf 75' lang='lat' dir='ltr'><strong>sanguiue</strong></span> <span class='ocrx_word' id='word_1_197' title='bbox 1438 2829 1668 2883; x_wconf 81' lang='lat' dir='ltr'><strong>venam3</strong></span> 
     </span>
     <span class='ocr_line' id='line_1_31' title="bbox 322 2898 1626 2971; baseline 0.001 -16"><span class='ocrx_word' id='word_1_198' title='bbox 322 2898 565 2956; x_wconf 77' lang='lat' dir='ltr'><strong>Bisaltae</strong></span> <span class='ocrx_word' id='word_1_199' title='bbox 588 2916 699 2970; x_wconf 90' lang='lat' dir='ltr'><strong>quo</strong></span> <span class='ocrx_word' id='word_1_200' title='bbox 724 2913 877 2954; x_wconf 89' lang='lat' dir='ltr'><strong>more</strong></span> <span class='ocrx_word' id='word_1_201' title='bbox 902 2901 1081 2956; x_wconf 77' lang='lat' dir='ltr'><strong>solent</strong></span> <span class='ocrx_word' id='word_1_202' title='bbox 1106 2917 1341 2971; x_wconf 83' lang='lat' dir='ltr'><strong>acerque</strong></span> <span class='ocrx_word' id='word_1_203' title='bbox 1365 2901 1626 2970; x_wconf 70' lang='lat' dir='ltr'><strong>Gelonus,</strong></span> 
     </span>
     <span class='ocr_line' id='line_1_32' title="bbox 323 2985 1866 3058; baseline 0.001 -16"><span class='ocrx_word' id='word_1_204' title='bbox 323 2985 463 3042; x_wconf 78' lang='lat' dir='ltr'><strong>Cum</strong></span> <span class='ocrx_word' id='word_1_205' title='bbox 488 2987 629 3057; x_wconf 76' lang='lat' dir='ltr'><strong>fugit</strong></span> <span class='ocrx_word' id='word_1_206' title='bbox 652 2987 712 3041; x_wconf 88' lang='lat' dir='ltr'><strong>in</strong></span> <span class='ocrx_word' id='word_1_207' title='bbox 736 2985 1043 3056; x_wconf 83' lang='lat' dir='ltr'><strong>Rhodopen</strong></span> <span class='ocrx_word' id='word_1_208' title='bbox 1067 2997 1231 3058; x_wconf 80' lang='lat' dir='ltr'><strong>atque</strong></span> <span class='ocrx_word' id='word_1_209' title='bbox 1254 2989 1314 3042; x_wconf 83' lang='lat' dir='ltr'><strong>iu</strong></span> <span class='ocrx_word' id='word_1_210' title='bbox 1336 2989 1560 3044; x_wconf 75' lang='lat' dir='ltr'><strong>deserta</strong></span> <span class='ocrx_word' id='word_1_211' title='bbox 1581 2988 1866 3058; x_wconf 81' lang='lat' dir='ltr'><strong>Getarum,</strong></span> 
     </span>
     <span class='ocr_line' id='line_1_33' title="bbox 324 3069 1724 3144; baseline 0.002 -17"><span class='ocrx_word' id='word_1_212' title='bbox 324 3069 399 3127; x_wconf 77' lang='lat' dir='ltr'><strong>Et</strong></span> <span class='ocrx_word' id='word_1_213' title='bbox 420 3073 509 3128; x_wconf 86' lang='lat' dir='ltr'><strong>lac</strong></span> <span class='ocrx_word' id='word_1_214' title='bbox 533 3079 855 3128; x_wconf 84' lang='lat' dir='ltr'><strong>concretum</strong></span> <span class='ocrx_word' id='word_1_215' title='bbox 882 3089 1008 3127; x_wconf 89' lang='lat' dir='ltr'><strong>cum</strong></span> <span class='ocrx_word' id='word_1_216' title='bbox 1032 3074 1297 3143; x_wconf 78' lang='lat' dir='ltr'><strong>sauguine</strong></span> <span class='ocrx_word' id='word_1_217' title='bbox 1320 3079 1482 3143; x_wconf 84' lang='lat' dir='ltr'><strong>potat</strong></span> <span class='ocrx_word' id='word_1_218' title='bbox 1505 3076 1724 3144; x_wconf 85' lang='lat' dir='ltr'><strong>equino.</strong></span> 
     </span>
     <span class='ocr_line' id='line_1_34' title="bbox 324 3159 1834 3231; baseline 0.001 -16"><span class='ocrx_word' id='word_1_219' title='bbox 324 3159 503 3226; x_wconf 83' lang='lat' dir='ltr'><strong>Quam</strong></span> <span class='ocrx_word' id='word_1_220' title='bbox 529 3159 725 3230; x_wconf 86' lang='lat' dir='ltr'><strong>procul</strong></span> <span class='ocrx_word' id='word_1_221' title='bbox 750 3166 847 3214; x_wconf 82' lang='lat' dir='ltr'><strong>aut</strong></span> <span class='ocrx_word' id='word_1_222' title='bbox 870 3159 1021 3214; x_wconf 85' lang='lat' dir='ltr'><strong>molli</strong></span> <span class='ocrx_word' id='word_1_223' title='bbox 1046 3159 1339 3216; x_wconf 73' lang='lat' dir='ltr'><strong>succedere</strong></span> <span class='ocrx_word' id='word_1_224' title='bbox 1365 3161 1580 3231; x_wconf 71' lang='lat' dir='ltr'><strong>saepius</strong></span> <span class='ocrx_word' id='word_1_225' title='bbox 1601 3162 1834 3217; x_wconf 74' lang='lat' dir='ltr'><strong>umbrae</strong></span> 
     </span>
     <span class='ocr_line' id='line_1_35' title="bbox 324 3243 1821 3317; baseline 0.001 -16"><span class='ocrx_word' id='word_1_226' title='bbox 324 3243 564 3312; x_wconf 80' lang='lat' dir='ltr'><strong>Videris,</strong></span> <span class='ocrx_word' id='word_1_227' title='bbox 593 3253 691 3302; x_wconf 86' lang='lat' dir='ltr'><strong>aut</strong></span> <span class='ocrx_word' id='word_1_228' title='bbox 715 3263 957 3301; x_wconf 78' lang='lat' dir='ltr'><strong>summas</strong></span> <span class='ocrx_word' id='word_1_229' title='bbox 981 3253 1299 3317; x_wconf 80' lang='lat' dir='ltr'><strong>carpentem</strong></span> <span class='ocrx_word' id='word_1_230' title='bbox 1325 3247 1580 3316; x_wconf 74' lang='lat' dir='ltr'><strong>ignavius</strong></span> <span class='ocrx_word' id='word_1_231' title='bbox 1603 3247 1821 3315; x_wconf 70' lang='lat' dir='ltr'><strong>herbas,</strong></span> 
     </span>
     <span class='ocr_line' id='line_1_36' title="bbox 324 3331 1892 3406; baseline 0.001 -19"><span class='ocrx_word' id='word_1_232' title='bbox 324 3331 755 3404; x_wconf 76' lang='lat' dir='ltr'><strong>Extremumque</strong></span> <span class='ocrx_word' id='word_1_233' title='bbox 778 3333 949 3402; x_wconf 72' lang='lat' dir='ltr'><strong>sequi,</strong></span> <span class='ocrx_word' id='word_1_234' title='bbox 977 3339 1075 3388; x_wconf 82' lang='lat' dir='ltr'><strong>aut</strong></span> <span class='ocrx_word' id='word_1_235' title='bbox 1098 3335 1281 3388; x_wconf 86' lang='lat' dir='ltr'><strong>medio</strong></span> <span class='ocrx_word' id='word_1_236' title='bbox 1304 3334 1672 3404; x_wconf 82' lang='lat' dir='ltr'><strong>procumbere</strong></span> <span class='ocrx_word' id='word_1_237' title='bbox 1693 3349 1892 3406; x_wconf 79' lang='lat' dir='ltr'><strong>campo</strong></span> 
     </span>
     <span class='ocr_line' id='line_1_37' title="bbox 322 3418 1634 3490; baseline 0.002 -16"><span class='ocrx_word' id='word_1_238' title='bbox 322 3418 667 3490; x_wconf 80' lang='lat' dir='ltr'><strong>Pascentem,</strong></span> <span class='ocrx_word' id='word_1_239' title='bbox 694 3425 755 3474; x_wconf 85' lang='lat' dir='ltr'><strong>et</strong></span> <span class='ocrx_word' id='word_1_240' title='bbox 780 3435 935 3474; x_wconf 81' lang='lat' dir='ltr'><strong>serae</strong></span> <span class='ocrx_word' id='word_1_241' title='bbox 959 3419 1131 3475; x_wconf 80' lang='lat' dir='ltr'><strong>solam</strong></span> <span class='ocrx_word' id='word_1_242' title='bbox 1156 3419 1424 3476; x_wconf 80' lang='lat' dir='ltr'><strong>decedere</strong></span> <span class='ocrx_word' id='word_1_243' title='bbox 1448 3423 1634 3477; x_wconf 73' lang='lat' dir='ltr'><strong>nectit</strong></span> 
     </span>
     <span class='ocr_line' id='line_1_38' title="bbox 326 3503 1726 3578; baseline 0.001 -18"><span class='ocrx_word' id='word_1_244' title='bbox 326 3503 607 3562; x_wconf 80' lang='lat' dir='ltr'><strong>Continuo</strong></span> <span class='ocrx_word' id='word_1_245' title='bbox 632 3506 850 3577; x_wconf 87' lang='lat' dir='ltr'><strong>culpam</strong></span> <span class='ocrx_word' id='word_1_246' title='bbox 876 3505 1027 3560; x_wconf 79' lang='lat' dir='ltr'><strong>ferro</strong></span> <span class='ocrx_word' id='word_1_247' title='bbox 1052 3523 1352 3577; x_wconf 72' lang='lat' dir='ltr'><strong>compesce,</strong></span> <span class='ocrx_word' id='word_1_248' title='bbox 1385 3508 1540 3576; x_wconf 74' lang='lat' dir='ltr'><strong>prius</strong></span> <span class='ocrx_word' id='word_1_249' title='bbox 1563 3523 1726 3578; x_wconf 80' lang='lat' dir='ltr'><strong>quam</strong></span> 
     </span>
    </p>
   </div>
   <div class='ocr_carea' id='block_1_5' title="bbox 2249 649 2354 702">
    <p class='ocr_par' dir='ltr' id='par_1_5' title="bbox 2249 649 2354 702">
     <span class='ocr_line' id='line_1_39' title="bbox 2249 649 2354 702; baseline 0 0"><span class='ocrx_word' id='word_1_250' title='bbox 2249 649 2354 702; x_wconf 80' lang='lat'><strong>485</strong></span> 
     </span>
    </p>
   </div>
   <div class='ocr_carea' id='block_1_6' title="bbox 2249 1083 2356 1134">
    <p class='ocr_par' dir='ltr' id='par_1_6' title="bbox 2249 1083 2356 1134">
     <span class='ocr_line' id='line_1_40' title="bbox 2249 1083 2356 1134; baseline 0 0"><span class='ocrx_word' id='word_1_251' title='bbox 2249 1083 2356 1134; x_wconf 80' lang='lat'><strong>440</strong></span> 
     </span>
    </p>
   </div>
   <div class='ocr_carea' id='block_1_7' title="bbox 2249 1947 2357 2002">
    <p class='ocr_par' dir='ltr' id='par_1_7' title="bbox 2249 1947 2357 2002">
     <span class='ocr_line' id='line_1_41' title="bbox 2249 1947 2357 2002; baseline -0.019 0"><span class='ocrx_word' id='word_1_252' title='bbox 2249 1947 2357 2002; x_wconf 71' lang='lat'><strong>450</strong></span> 
     </span>
    </p>
   </div>
   <div class='ocr_carea' id='block_1_8' title="bbox 2254 2815 2359 2870">
    <p class='ocr_par' dir='ltr' id='par_1_8' title="bbox 2254 2815 2359 2870">
     <span class='ocr_line' id='line_1_42' title="bbox 2254 2815 2359 2870; baseline -0.019 0"><span class='ocrx_word' id='word_1_253' title='bbox 2254 2815 2359 2870; x_wconf 75' lang='lat'><strong>400</strong></span> 
     </span>
    </p>
   </div>
   <div class='ocr_carea' id='block_1_9' title="bbox 2255 3247 2362 3300">
    <p class='ocr_par' dir='ltr' id='par_1_9' title="bbox 2255 3247 2362 3300">
     <span class='ocr_line' id='line_1_43' title="bbox 2255 3247 2362 3300; baseline -0.019 0"><span class='ocrx_word' id='word_1_254' title='bbox 2255 3247 2362 3300; x_wconf 69' lang='lat'><strong>4⁶5</strong></span> 
     </span>
    </p>
   </div>
  </div>
 </body>
</html>
