2725 3892
1003 200 1280 251 VERGILI
1325 198 1654 251 AENEIDOS
1699 199 1762 250 X.

363 364 542 420 Multa
564 381 728 435 super
753 363 930 419 Lauso
955 362 1175 432 rogitat,
1204 362 1515 432 multosque
1539 360 1789 424 remittit,

297 506 312 531 Ι
365 452 474 518 Qui
499 457 778 521 revocent,
807 451 1109 519 maestique
1133 451 1316 503 ferant
1338 448 1601 503 mandata
1624 448 1887 516 parentis.

365 539 446 593 At
470 537 710 593 Lausum
736 538 872 593 socii
897 538 1208 591 exanimem
1233 552 1399 604 super
1422 550 1575 589 arma
1600 534 1853 609 serebant

363 624 602 693 Flentes,
631 626 912 694 ingentem
940 628 1105 693 atque
1131 622 1342 691 ingenti
1370 621 1599 676 volnere
1622 620 1849 675 vietum.
1924 656 1927 666 ·

365 712 612 780 Agnovit
637 710 801 779 longe
825 711 1088 780 gemitum
1115 724 1379 778 praesaga
1400 707 1531 761 mali
1558 724 1729 762 mens.

365 798 639 853 Canitiem
663 797 840 852 multo
865 796 1140 850 deformat
1165 794 1411 865 pulvere,
1438 801 1498 848 et
1522 792 1709 849 ambas

362 886 458 939 Ad
481 884 694 939 caelum
717 884 900 938 tendit
923 882 1150 952 palmas,
1179 890 1238 936 et
1260 898 1499 953 eol-nore
1522 881 1793 937 inhaeret.

369 972 664 1027 “Tantane
688 987 778 1025 me
804 970 986 1024 tenuit
1013 969 1248 1035 vivendi,
1275 974 1424 1036 nate,
1454 967 1723 1053 voluptas,

367 1058 443 1113 Ut
466 1076 568 1128 pro
593 1074 682 1113 me
707 1056 896 1112 hostili
919 1062 1142 1126 paterer
1165 1054 1461 1109 sueeed‘ere
1486 1052 1730 1121 dextrae,

365 1146 542 1212 Quem
567 1146 772 1215 genui?
811 1144 998 1198 Tuane
1021 1144 1160 1197 haee
1181 1143 1401 1211 genitor
1425 1157 1529 1210 per
1555 1140 1781 1195 volnera
1804 1158 2008 1209 servor,

363 1232 546 1287 Morte
569 1238 666 1288 tua
689 1230 919 1287 vivens?
995 1229 1137 1297 Heu,
1167 1246 1314 1284 nune
1337 1229 1545 1283 misero
1568 1228 1704 1283 mihi
1728 1227 1949 1283 demum
1986 1204 2068 1279 ς

365 1319 629 1373 Exsilium
655 1317 848 1374 infelix
869 1336 883 1385 ;
923 1332 1072 1371 nuno
1098 1315 1208 1369 alte
1233 1316 1431 1369 volnus
1454 1316 1735 1370 adactum!
1864 1306 1871 1315 ’

365 1406 520 1461 Idem
546 1423 664 1475 eg0,
695 1412 840 1473 nate,
871 1411 1026 1458 tuum
1055 1403 1324 1480 maculavi
1351 1404 1583 1473 crimine
1609 1419 1829 1470 nomen,

364 1494 562 1548 Pulsus
587 1492 658 1547 ob
683 1492 951 1547 invidiam
975 1490 1116 1545 solio
1143 1491 1483 1561 sceptrisque
1506 1491 1766 1559 paternis.

365 1580 678 1648 Debueram
702 1578 914 1649 patriae
935 1594 1144 1647 poenas
1169 1578 1419 1648 odiisque
1444 1594 1727 1632 meorum:

365 1667 564 1721 Omnis
587 1682 687 1736 per
713 1666 908 1720 mortis
935 1666 1421 1737 animam'sontem
1448 1666 1567 1735 ipse
1590 1665 1894 1720 dedissem!

365 1754 528 1811 Nune
555 1758 698 1825 vivo,
727 1774 906 1827 neque
929 1756 1109 1811 adhue
1133 1756 1387 1809 homin'es
1410 1756 1701 1823 lucemque
1726 1754 1993 1837 relinquo.

365 1842 473 1897 Sed
497 1843 799 1913 linquam.”
873 1843 1046 1897 Simul
1073 1842 1181 1897 hoe
1205 1842 1398 1897 dicens
1422 1842 1628 1896 attollit
1650 1842 1708 1895 in
1735 1856 1959 1907 aegrum

365 1931 438 1985 Se
461 1931 658 1999 femur,
688 1936 759 1997 et,
787 1946 1122 1999 quamquam
1147 1931 1233 1982 vis
1258 1929 1372 1983 alto
1396 1915 1621 1983 volnere
1646 1928 1844 1993 tardat,

365 2018 528 2073 Haud
553 2019 800 2083 deiectus
828 2036 1028 2089 equum
1057 2018 1182 2072 duci
1209 2018 1377 2072 iubet.
1456 2016 1580 2071 Ποο
1604 2016 1771 2069 decus
1796 2014 1890 2079 illi,

365 2107 488 2161 Hoe
511 2108 757 2163 solamen
783 2113 930 2173 erat3
971 2108 1130 2163 bellis
1153 2106 1260 2163 hoo
1285 2110 1465 2163 vietor
1488 2106 1677 2161 abibat
1785 2096 1793 2103 ’

366 2194 654 2251 Omnibus.
731 2196 1070 2265 Adloquitur
1091 2202 1448 2261 maerentem,
1478 2200 1537 2248 et
1558 2192 1761 2248 talibus
1785 2190 1939 2246 infit:

367 2284 401 2311 ‘⁴
423 2282 664 2353 Rhaebe‚
691 2282 802 2351 diu,
831 2298 921 2337 res
945 2282 989 2336 si
1017 2300 1126 2352 qua
1148 2283 1242 2336 diu
1268 2280 1593 2336 mortalibus
1616 2281 1727 2334 ulla
1750 2285 1848 2347 est,

365 2368 642 2423 Viximus.
716 2368 838 2423 Aut
859 2368 1028 2423 hodie
1051 2370 1232 2423 vietor
1257 2368 1433 2438 spolia
1455 2368 1551 2422 illa
1574 2373 1805 2422 cruenta

363 2455 438 2509 Et
461 2461 627 2525 eaput
653 2456 876 2511 Aeneae
901 2458 1120 2527 referes,
1149 2456 1421 2525 Lausique
1447 2454 1697 2509 dolorum

367 2541 528 2597 Ultor
553 2542 660 2596 eris
683 2558 936 2610 meeum3
979 2549 1090 2610 aut,
1118 2544 1300 2612 aperit
1325 2543 1373 2596 si
1399 2542 1551 2596 nulla
1573 2542 1721 2595 viam
1744 2541 1845 2608 vis,

367 2627 676 2683 Oceumbes
699 2629 938 2698 pariter:
979 2645 1156 2698 neque
1183 2630 1347 2697 enim,
1380 2628 1699 2691 fortissime,
1728 2625 1909 2693 erede,

368 2714 520 2769 Iussa
545 2715 726 2769 aliena
746 2716 858 2784 pati
885 2722 944 2769 et
967 2715 1223 2770 dominos
1247 2716 1548 2785 dignabere
1572 2712 1869 2768 Teucros.”

366 2801 538 2869 Dixit,
569 2808 626 2856 et
651 2808 916 2871 exceptus
941 2808 1099 2871 tergo
1127 2809 1394 2857 consueta
1417 2792 1623 2856 locavit

365 2888 629 2957 Membra,
659 2904 962 2958 manusque
986 2889 1176 2944 ambas
1198 2883 1393 2945 iaculis
1418 2890 1671 2943 oneravit
1696 2888 1887 2955 acutis,

348 2976 516 3043 ,Aere
539 2980 706 3046 eaput
730 2975 960 3045 fulgenS,
990 2978 1262 3045 cristaque
1285 2976 1530 3029 hirsutus
1554 2975 1770 3045 equina.

365 3062 458 3117 Sio
483 3078 702 3115 cursum
727 3062 786 3115 in
811 3062 1024 3117 medios
1049 3062 1275 3131 rapidus
1299 3062 1471 3125 dedit.
1546 3064 1785 3115 Aestuat
1807 3060 1999 3127 ingens

365 3146 492 3203 Uno
514 3148 572 3201 in
601 3146 766 3203 eorde
790 3148 972 3217 pudor
997 3134 1280 3219 mixtoque
1305 3150 1522 3207 insania
1544 3148 1713 3215 luctu,

367 3234 462 3305 [Et
487 3234 643 3289 furiis
668 3235 907 3303 agitatus
933 3252 1088 3290 amor
1113 3242 1172 3290 et
1197 3236 1415 3290 conseia
1442 3234 1658 3303 virtus]

367 3322 552 3392 Atque
577 3320 668 3376 hio
695 3322 926 3377 Aenean
951 3338 1154 3391 magna
1175 3328 1263 3377 ter
1287 3338 1426 3377 voce
1452 3322 1691 3377 vocavit.

367 3409 588 3463 Aeneas
613 3410 840 3477 agnovit
863 3408 1029 3477 enim,
1059 3407 1344 3478 laetusque
1368 3412 1657 3477 precatur:

369 3496 406 3523 “
421 3492 512 3548 Sio
533 3500 696 3563 pater
719 3494 812 3548 ille
835 3494 996 3549 deum
1024 3493 1212 3563 faciat,
1241 3495 1320 3547 sie
1345 3494 1491 3547 altus
1517 3492 1749 3560 Apollol

2299 452 2409 503 840

2298 1318 2409 1369 860

2298 1754 2405 1807 855

2300 2192 2407 2243 860

2298 2626 2405 2679 865

2298 3058 2406 3113 870

2298 3492 2406 3547 8¹15
