2725 3892
980 222 1256 275 VERGILI
1300 220 1632 272 Anmnos
1676 218 1764 282 xj.

359 393 468 449 Sed
490 393 647 448 laxos
673 389 920 445 referunt
945 388 1148 441 umeris
1171 382 1561 452 languentibus
1586 396 1761 445 arcus,

320 498 344 519 τ
361 478 902 549 Quadrupedumque
926 478 1146 544 putrem
1172 486 1335 525 cursu
1360 468 1543 539 quatit
1564 466 1774 535 ungula
1798 480 2068 534 campum.
2290 464 2395 518 875

361 568 624 622 Volvitur
650 564 718 620 ad
745 578 934 617 muros
957 559 1190 631 caligine
1213 556 1469 612 turbidus
1494 560 1615 609 atra

359 654 565 722 Fulvia,
596 657 652 707 et
677 668 708 705 e
732 648 970 719 speculis
993 660 1282 716 percussae
1307 648 1537 712 pectora
1558 646 1767 695 matres

360 741 681 797 Femineum
710 736 1009 791 clamorem
1035 732 1100 787 ad
1129 731 1267 785 caeli
1293 728 1475 783 sidera
1498 726 1718 781 tollunt.

360 828 470 895 Qui
498 842 658 883 cursu
685 829 875 894 portas
899 820 1065 891 primi
1093 821 1352 887 inrupere
1378 814 1634 885 patentis,

364 914 479 968 Hos
501 912 726 967 inimica
749 925 914 979 super
936 907 1114 960 mixto
1141 902 1344 974 premit
1365 898 1591 970 agmine
1614 900 1811 964 turba;
2293 896 2399 947 880

361 1000 480 1055 Neo
505 1000 760 1054 miseram
786 995 1060 1064 effugiunt
1089 997 1340 1057 mortem,
1376 988 1471 1042 sed
1501 987 1691 1041 limine
1712 986 1773 1039 in
1799 986 1919 1055 ipso

364 1086 651 1141 Moenibus
673 1087 730 1139 in
757 1083 950 1153 patriis
975 1086 1139 1150 atque
1163 1079 1310 1131 inter
1335 1080 1459 1129 tuta
1483 1074 1775 1127 domorum

362 1174 582 1229 Confixi
609 1172 890 1241 exspirant
913 1169 1142 1223 animas.
1219 1164 1355 1217 Pars
1386 1160 1641 1216 claudere
1664 1164 1882 1230 portas:

363 1260 483 1317 Nec
505 1260 670 1315 sociis
693 1259 908 1329 aperire
934 1256 1096 1321 viam,
1125 1270 1230 1308 nec
1257 1250 1548 1305 moenibus
1572 1248 1779 1303 audent

363 1349 633 1417 Accipere
658 1345 894 1413 orantis3
935 1342 1219 1411 oriturque
1249 1338 1554 1392 miserrima
1580 1334 1808 1389 caedes
1790 1354 1955 1453 »7
2294 1331 2398 1381 885
2495 1345 2583 1409 ,μ’

363 1434 773 1490 Defendentum
797 1431 965 1486 armis
987 1429 1182 1495 edituo,
1213 1428 1381 1496 inque
1408 1440 1561 1479 arma
1586 1426 1863 1475 ruentum.
2578 1406 2599 1424 ⁹

361 1521 584 1577 Exclusi
609 1526 738 1575 ante
764 1518 955 1573 oculos
979 1516 1471 1583 lacrimantumque
1501 1526 1599 1565 ora
1623 1514 1942 1589 parentum
2056 1531 2069 1545 ·
2100 1534 2107 1544 ·

361 1608 540 1664 Pars
525 1626 583 1662 m
607 1606 926 1703 praecipitis
951 1604 1123 1657 fossas
1147 1606 1380 1670 urgente
1406 1599 1567 1653 ruina
1618 1580 1733 1631 ¹⁸⁴·
1969 1596 2007 1618 “

364 1692 644 1760 Volvitur,
672 1690 931 1745 immissis
955 1706 1084 1758 pars
1105 1704 1269 1742 caeca
1295 1692 1350 1741 et
1378 1684 1595 1739 concita
1624 1683 1796 1737 frenis

365 1780 622 1835 Arietat'
608 1795 668 1834 m
692 1784 880 1847 portas
905 1782 960 1829 et
985 1775 1154 1830 duros
1177 1774 1334 1828 obice
1361 1774 1551 1842 postis.
2296 1766 2402 1816 890

363 1867 524 1937 Ipsae
549 1866 618 1921 de
643 1866 815 1919 muris
839 1880 1054 1917 summo
1077 1862 1377 1916 certamine
1402 1864 1701 1926 matra,—

364 1953 638 2008 Monstrat
665 1969 819 2006 amor
846 1967 1005 2005 verus
1027 1949 1240 2018 patriae
1265 1954 1328 2002 ut
1353 1947 1543 2001 videre
1570 1946 1935 2001 Camillam-

365 2042 495 2097 Tela
519 2056 686 2094 manu
713 2037 956 2107 trepidae
981 2035 1203 2101 iaciunt,
1234 2052 1296 2089 ac
1320 2036 1521 2089 robore
1546 2034 1702 2101 dur0‚

367 2127 656 2197 Stipitibus
680 2127 890 2180 ferrum
917 2122 1248 2192 sudibusque
1274 2122 1564 2175 imitantur
1590 2122 1800 2175 obustis

365 2214 714 2283 PraecipiteS,
745 2213 1060 2282 primaeque
1084 2209 1226 2263 mori
1255 2226 1357 2279 pro
1388 2210 1675 2263 moenibus
1701 2208 1913 2264 ardent.
2300 2204 2405 2257 895

437 2301 658 2354 Interea
681 2300 924 2352 Turnum
951 2299 1008 2352 in
1035 2296 1184 2350 silvis
1213 2297 1559 2351 saevissimus
1588 2294 1784 2365 implet

369 2388 624 2455 Numine,
654 2392 711 2440 et
736 2386 922 2439 iuveni
948 2387 1228 2453 ingentem
1260 2382 1369 2437 fert
1398 2384 1547 2437 Acca
1572 2381 1901 2437 tumultum:

367 2474 592 2529 Deletae
617 2473 948 2528 Volscorum
973 2471 1130 2539 acies,
1158 2470 1417 2525 cecidisse
1438 2470 1741 2538 Camillum,

367 2561 628 2630 Ingruere
652 2560 895 2613 infensos
921 2558 1107 2627 hostie,
1137 2564 1193 2612 et
1217 2557 1395 2611 Marte
1422 2557 1663 2612 secundo

368 2648 570 2702 Omnia
595 2648 942 2715 corripuisse,
971 2652 1180 2699 metum
1205 2644 1314 2697 iam
1343 2643 1415 2697 ad
1442 2643 1660 2697 moenia
1682 2640 1833 2696 ferri.
2302 2642 2411 2695 900

368 2735 469 2790 Ille
491 2735 813 2789 furens—et
838 2750 1002 2787 saeva
1025 2732 1050 2785 I
1055 2732 1170 2785 ovis
1193 2731 1270 2785 sic
1297 2731 1525 2785 numina
1548 2732 1854 2798 poscunt-

367 2821 588 2876 Deserit
612 2822 863 2876 obsessos
887 2819 1056 2887 collis,
1087 2834 1311 2873 nemora
1337 2834 1533 2887 aspera
1555 2814 1775 2886 linquit.

369 2908 485 2963 Vix
509 2926 540 2963 e
565 2912 861 2977 conspectu
889 2906 1098 2961 exierat
1124 2920 1485 2973 campumque
1510 2904 1752 2969 tenebat,

371 2996 510 3049 Cum
537 3000 692 3064 pater
715 2994 948 3061 Aeneas,
979 2992 1150 3047 saltus
1175 2992 1450 3059 ingressus
1475 2994 1712 3059 apertos,

368 3082 784 3151 Exsuperatque
809 3081 996 3147 iugum
1025 3079 1270 3148 silvaque
1297 3077 1483 3131 evadit
1509 3093 1698 3147 opaca.
2307 3078 2408 3129 905

371 3170 462 3225 Sic
486 3168 650 3222 ambo
675 3166 742 3221 ad
768 3181 956 3219 muros
983 3163 1158 3234 rapidi
1187 3170 1416 3233 totoque
1442 3164 1695 3218 feruntur

374 3256 627 3325 Agmine,
656 3269 757 3307 nec
779 3252 960 3321 longis
987 3254 1133 3304 inter
1157 3267 1216 3304 se
1241 3251 1492 3319 passibus
1518 3251 1733 3318 absunt,

375 3344 458 3397 Ac
484 3340 646 3395 simul
671 3339 892 3394 Aeneas
915 3338 1181 3392 fumantis
1205 3337 1433 3407 pulvere
1457 3354 1683 3406 campos

372 3426 667 3498 Prospexit
689 3426 854 3496 longe
878 3425 1281 3495 Laurentiaque
1307 3424 1529 3494 agmina
1552 3424 1705 3488 vidit,

375 3514 448 3566 Et
471 3528 696 3569 saevum
725 3514 952 3568 Aenean
979 3512 1206 3582 agnovit
1229 3508 1449 3568 Turnus
1474 3514 1531 3567 in
1559 3512 1725 3567 armis
2306 3511 2411 3563 910
