2725 3892
991 207 1265 258 VERG1L1
1309 207 1641 258 AENEIDOS
1684 207 1773 259 IV.

361 367 438 422 Te
462 373 692 438 propter
716 368 954 436 Libycae
979 375 1172 437 gentes
1197 367 1621 438 Nomadumque
1646 370 1868 436 tyranni
2290 374 2393 426 820

361 454 559 524 Odere,
587 455 790 509 intensi
817 455 1001 524 Tyrii3
1041 461 1098 508 te
1122 463 1352 524 propter
1374 454 1611 508 eundem

359 541 684 596 Exstinctus
701 541 882 612 pudor
906 548 978 610 et,
1011 559 1120 610 qua
1144 541 1260 595 sola
1283 542 1465 596 sidera
1488 541 1725 609 adibam,

361 627 530 684 Fama
555 629 723 698 prior.
797 629 901 683 Cui
922 645 1014 682 me
1038 628 1425 683 moribundam
1451 627 1671 692 deseris,
1700 627 1937 698 hospes?

361 715 486 770 Hoc
509 715 684 770 solum
711 732 911 770 nomen
937 715 1196 785 quoniam
1221 715 1290 768 de
1315 715 1549 784 coniuge
1574 721 1760 769 restat.

361 801 508 868 Quid
531 802 755 857 moror?
794 817 864 855 an
889 817 1014 855 mea
1037 799 1361 869 Pygmalion
1387 801 1518 854 dum
1545 803 1764 855 moenia
1786 801 1957 856 frater
2290 806 2392 857 825

415 895 639 958 estruat,
671 895 766 943 aut
791 893 1008 956 captam
1035 887 1202 942 ducat
1227 887 1496 942 Gaetulus
1520 887 1742 943 Iarbas?

359 976 569 1031 Saltem
595 977 640 1030 si
666 993 775 1046 qua
795 975 934 1028 mihi
953 975 1022 1028 de
1047 981 1104 1028 te
1128 979 1382 1044 suscepta
1406 975 1603 1028 fuisset

359 1063 512 1118 Ante
535 1063 720 1132 fugam
747 1061 978 1132 suboles,
1009 1062 1054 1115 si
1081 1061 1202 1131 quis
1225 1061 1360 1114 mihi
1384 1061 1645 1130 parvulus
1668 1061 1794 1116 aula

355 1151 598 1226 Luderet
622 1149 858 1216 Aeneas,
887 1149 979 1218 qui
1007 1153 1060 1202 te
1085 1155 1271 1201 tamen
1296 1164 1393 1202 ore
1418 1148 1668 1217 referret,

359 1235 489 1292 Non
514 1235 768 1306 equidem
795 1236 1025 1289 omnino
1049 1240 1214 1303 capta
1237 1251 1300 1288 ac
1323 1233 1543 1289 deserta
1568 1235 1836 1290 viderer.”
2288 1240 2391 1293 880

428 1324 674 1378 Dixerat.
748 1322 849 1376 Ille
875 1321 1024 1376 Iovis
1047 1321 1274 1375 monitis
1297 1321 1529 1376 immota
1554 1322 1779 1376 tenebat

357 1411 608 1479 Lumina,
638 1415 696 1464 et
719 1410 954 1465 obnixus
979 1425 1163 1464 euram
1191 1410 1292 1463 sub
1317 1408 1483 1463 corde
1508 1409 1805 1478 premebat.

358 1498 601 1552 Tandem
627 1515 802 1568 pauca
825 1498 1032 1552 refert:
1077 1499 1112 1526 “
1128 1495 1248 1566 Ego
1272 1501 1345 1566 te,
1376 1515 1515 1566 quae
1540 1497 1777 1567 plurima
1800 1497 1967 1552 fando

355 1584 692 1640 Enumerare
719 1585 880 1652 vales,
908 1600 1222 1654 numquam,
1253 1583 1481 1653 Regina,
1510 1584 1723 1653 negabo

357 1672 722 1728 Promeritam
746 1693 760 1740 ;
801 1689 905 1728 nec
928 1691 1018 1728 me
1043 1672 1356 1727 meminisse
1380 1672 1592 1740 pigebit
1616 1671 1842 1739 Elissae,
2284 1674 2385 1728 885

355 1758 504 1813 Dum
525 1776 738 1813 memor
763 1760 880 1830 ipse
902 1759 1188 1900 meileffln
1213 1758 1439 1826 spiritus
1462 1758 1563 1812 hos
1588 1759 1730 1826 regit
1752 1765 1920 1812 artus.

355 1848 467 1903 Pro
491 1867 552 1903 re
576 1867 749 1920 pauca
773 1849 983 1919 loquar.
1057 1848 1252 1918 Neque
1277 1865 1381 1918 ego
1406 1849 1549 1902 hanc
1570 1846 1909 1903 abscondere
1932 1847 2089 1901 tuno

357 1935 728 2005 Speravi—ne
755 1935 1173 2005 finge—fugam,
1203 1951 1306 1990 nec
1323 1935 1575 2004 coniugis
1600 1949 1856 2004 umquam

353 2021 648 2077 Praetendi
673 2023 863 2077 taedas
887 2027 984 2077 aut
1005 2021 1146 2076 haec
1169 2023 1230 2076 in
1253 2021 1481 2077 foedera
1504 2022 1647 2076 veni.

355 2111 444 2166 Me
469 2113 514 2166 si
539 2113 654 2168 fata
678 2114 816 2168 meis
839 2119 1162 2183 paterentur
1185 2113 1386 2169 ducere
1411 2114 1583 2169 vitam
2280 2111 2385 2166 840

351 2197 628 2269 Auspiciis
653 2206 710 2254 et
735 2205 930 2269 sponte
954 2218 1077 2255 mea
1101 2217 1433 2270 componere
1457 2217 1631 2270 curas,

352 2283 560 2340 Urbem
599 2285 890 2342 Troianam
917 2288 1152 2356 primum
1180 2288 1461 2356 dulcisque
1486 2303 1733 2342 meorum

353 2371 634 2442 Reliquias
658 2373 914 2442 colerem,
943 2373 1150 2428 Priami
1167 2381 1318 2429 tecta
1343 2375 1454 2429 alta
1476 2379 1781 2442 manerent,

351 2457 425 2513 Et
450 2459 694 2514 recidiva
718 2477 884 2515 manu
910 2461 1213 2530 posuissem
1237 2461 1509 2530 Pergama
1532 2461 1710 2514 vietis.

351 2545 460 2600 Sed
485 2563 633 2602 nunc
656 2546 872 2602 Italiam
898 2564 1156 2616 magnam
1181 2547 1438 2616 Gryneus
1464 2547 1683 2618 Apollo,
2023 2551 2031 2558 “
2276 2547 2380 2600 845

350 2632 570 2688 Italiam
595 2633 792 2701 Lyciae
817 2633 1024 2688 iussere
1048 2650 1330 2702 capessere
1355 2641 1562 2701 sortem

351 2717 456 2774 Hic
481 2735 650 2788 amor,
680 2720 817 2775 haec
841 2721 1023 2790 patria
1046 2727 1145 2775 est.
1221 2721 1281 2776 Si
1305 2729 1362 2775 te
1389 2721 1749 2790 Karthaginis
1772 2737 1939 2790 arces,

350 2804 723 2873 Phoenissam,
751 2805 1096 2876 Libycaeque
1121 2812 1375 2876 aspectus
1398 2808 1611 2862 detinet
1636 2807 1802 2875 urbis,

349 2890 503 2958 Quae
525 2893 765 2961 tandem,
795 2893 1046 2948 Ausonia
1069 2894 1309 2948 Teucros
1333 2894 1621 2948 considere
1643 2899 1807 2963 terra,

347 2976 410 3031 Iu
419 2978 568 3033 vidia
590 2980 708 3033 esti
781 2978 853 3033 Et
878 2995 982 3033 nos
1005 2981 1088 3033 fas
1113 2985 1303 3034 extera
1326 2997 1590 3050 quaerere
1608 2997 1792 3050 regna.
2273 2981 2377 3036 850

347 3063 438 3118 Me
462 3065 638 3134 patris
663 3065 956 3134 Anchisae,
987 3067 1241 3135 quotiens
1264 3067 1581 3121 umentibus
1604 3068 1815 3122 umbris

347 3149 472 3204 Nox
501 3152 683 3220 operit
707 3158 897 3218 terras,
927 3153 1182 3220 quotiens
1207 3159 1357 3208 astra
1380 3153 1547 3222 ignea
1570 3159 1818 3222 surgunt,

348 3237 630 3292 Admouet
655 3239 709 3291 in
737 3239 941 3292 somnis
965 3245 1023 3292 et
1045 3239 1268 3294 turbida
1291 3247 1465 3294 terret
1488 3241 1703 3308 imago;

345 3323 434 3377 Me
460 3341 595 3394 puer
619 3325 892 3380 Ascanius
915 3325 1216 3394 capitisque
1239 3327 1442 3380 iniuria
1465 3326 1594 3394 cari,

347 3409 524 3475 Quem
549 3429 722 3480 regno
745 3411 1042 3481 Hesperiae
1061 3413 1262 3468 fraudo
1287 3419 1343 3467 et
1368 3413 1631 3467 fatalibus
1656 3413 1816 3468 arvis.
2270 3414 2374 3468 855

347 3495 509 3551 Nunc
532 3497 698 3551 etiam
725 3499 996 3566 interpres
1021 3497 1224 3566 divom,
1253 3499 1387 3553 Iove
1410 3498 1607 3552 missus
1632 3499 1701 3553 ab
1722 3499 1919 3567 ipso—
