2725 3892
951 181 1226 234 vanem
1269 181 1599 236 summos
1640 181 1706 234 V.

313 343 413 398 Ille
437 343 539 399 sub
562 344 731 400 haee:
777 344 812 372 “
831 342 884 398 N
888 361 960 397 on
985 343 1162 399 laudis
1185 361 1354 414 amor,
1380 361 1485 400 nec
1507 343 1686 414 gloria
1706 345 1872 400 cessit

311 429 478 485 Pulsa
501 436 652 486 metu
673 449 687 498 3
727 430 825 484 sed
851 431 994 484 euim
1020 431 1234 499 gelidus
1255 431 1513 486 tardante
1538 436 1763 486 senecta

311 517 545 586 Sanguis
569 517 752 586 hebet,
777 517 1096 587 frigentque
1119 517 1322 574 effetae
1345 518 1405 571 iu
1428 533 1661 586 corpore
1698 518 1859 572 vires.

311 602 372 656 Si
395 602 549 671 mihi,
577 619 718 673 quae
741 603 1019 672 quondam
1047 605 1240 672 fuerat,
1269 619 1487 673 quaque
1504 603 1789 674 improbus
1812 605 1921 658 iste

311 688 567 744 Exsultat
592 689 782 758 fidens,
811 691 857 742 si
881 706 1029 744 nuuc
1054 689 1204 744 soret
1227 691 1324 746 illa
1346 691 1615 762 iuventas,

310 775 476 830 Haud
500 775 754 845 equidem
777 777 960 845 pretio
985 776 1244 831 inductus
1268 776 1611 846 pulchroque
1632 777 1871 833 iuvenco

312 863 633 932 Venissem3
673 879 776 916 nec
799 862 948 917 dona
971 863 1212 917 moror.”
1287 863 1381 918 Sic
1406 863 1609 918 deinde
1626 863 1843 919 locutus

310 949 378 1003 In
404 949 646 1004 medium
671 950 922 1018 geminos
945 949 1172 1004 immani
1196 951 1444 1019 pondere
1470 956 1685 1006 caestus

311 1035 567 1105 Proiecit,
596 1037 793 1106 quibus
817 1053 943 1091 acer
967 1036 1120 1104 Eryx
1145 1039 1202 1090 in
1226 1037 1441 1106 proelia
1462 1044 1651 1092 suetus

311 1122 480 1177 Ferre
504 1139 729 1178 manum
755 1123 1005 1192 duroque
1031 1123 1318 1178 intendere
1343 1124 1607 1179 bracchia
1630 1131 1805 1193 tergo.

311 1209 642 1279 Obstipuere
667 1209 866 1264 animi:
908 1214 1190 1264 tantorum
1216 1210 1465 1280 ingentia
1498 1217 1709 1280 septem

311 1295 490 1365 Terga
511 1297 678 1351 boum
703 1296 930 1366 plumbo
955 1296 1142 1354 insuto
1163 1298 1427 1366 ferroque
1450 1299 1720 1367 rigebant.

312 1383 463 1437 Ante
489 1384 668 1437 omnis
691 1388 878 1453 stupet
901 1383 1020 1452 ipse
1043 1383 1238 1452 Dares,
1265 1384 1537 1454 longeque
1560 1389 1807 1449 recusat3

309 1469 802 1539 Magnanimusque
830 1469 1196 1526 Anchisiades
1219 1477 1276 1526 et
1299 1472 1518 1540 pondus
1542 1475 1599 1524 et
1624 1471 1745 1540 ipsa

311 1555 437 1610 Huc
461 1555 591 1610 illue
617 1556 920 1610 vinclorum
945 1558 1214 1612 immensa
1237 1557 1519 1612 volumina
1542 1564 1739 1621 versat.

311 1641 447 1694 Tum
473 1642 656 1696 senior
681 1642 809 1697 talis
833 1645 1111 1699 referebat
1135 1649 1359 1713 pectore
1387 1661 1581 1699 voces:

315 1731 350 1757 ‘⁴
369 1727 529 1797 Quid,
557 1729 604 1781 si
633 1729 754 1797 quis
779 1735 994 1784 caestus
1017 1731 1188 1799 ipsius
1211 1736 1268 1784 et
1293 1730 1549 1785 Herculis
1570 1745 1725 1784 arma

311 1814 560 1870 Vidisset
585 1818 906 1886 tristemque
931 1817 1038 1872 hoc
1063 1817 1182 1886 ipso
1207 1817 1263 1871 in
1287 1817 1452 1872 litore
1475 1818 1753 1886 pugnam?

312 1900 464 1956 Haec
488 1919 780 1971 germanus
803 1903 954 1971 Eryx
982 1903 1258 1972 quondam
1284 1908 1414 1958 tuus
1438 1919 1593 1958 arma
1614 1904 1844 1972 gerebat
1860 1923 1951 1972 3-

311 1987 584 2056 Sanguine
610 1991 789 2044 cernis
815 1991 994 2046 adhuc
1017 2006 1316 2060 sparsoque
1347 1991 1561 2046 infecta
1584 1991 1811 2044 cerebro
1828 2009 1919 2058 3-

313 2073 413 2128 His
438 2093 698 2145 magnum
723 2077 960 2130 Alciden
985 2082 1182 2132 contra
1203 2078 1395 2144 stetit3
1434 2077 1523 2132 his
1546 2094 1650 2145 ego
1674 2083 1879 2144 suetus,

311 2159 458 2214 Dum
484 2163 680 2218 melior
703 2163 838 2217 viris
861 2163 1080 2232 sanguis
1103 2163 1290 2232 dabat,
1317 2163 1535 2218 aemula
1556 2161 1791 2216 necdum

311 2247 670 2318 Temporibus
696 2251 930 2318 geminis
953 2251 1191 2305 canebat
1215 2266 1405 2320 sparsa
1436 2255 1705 2306 senectus.

311 2334 420 2390 Sed
445 2336 490 2390 si
516 2343 707 2392 nostra
733 2337 908 2392 Dares
933 2337 1070 2393 haec
1100 2337 1296 2392 Troius
1319 2354 1477 2394 arma
1498 2341 1731 2404 recusat,

311 2420 484 2492 quue
509 2425 600 2492 pio
625 2425 778 2480 sedet
805 2426 1044 2493 Aeneae,
1080 2425 1282 2494 probat
1305 2431 1502 2480 auctor
1528 2424 1775 2492 Acestes,

311 2509 627 2578 Aequemus
649 2527 879 2580 pugnas.
955 2511 1156 2579 Erycis
1179 2511 1282 2566 tibi
1307 2520 1467 2579 terga
1490 2512 1719 2565 remitto

309 2593 548 2648 —Solve
573 2601 882 2650 metus—et
905 2601 970 2649 tu
994 2595 1260 2651 Troianos
1285 2611 1427 2650 exue
1450 2595 1719 2650 caestus.”

311 2678 464 2736 Haec
487 2681 636 2736 fatus
659 2682 933 2752 duplicem
959 2697 1030 2736 ex
1055 2682 1258 2736 umeris
1281 2681 1477 2736 reiecit
1502 2682 1783 2750 amictum,

310 2766 383 2821 Et
405 2785 636 2839 magnos
660 2770 1034 2825 membrorum
1061 2775 1227 2836 artus,
1257 2785 1463 2839 magna
1486 2785 1611 2824 ossa
1632 2769 1976 2839 lacertosque

310 2853 498 2923 Exuit,
527 2862 692 2926 atque
717 2857 909 2926 ingens
931 2857 1116 2912 media
1139 2856 1393 2911 consistit
1408 2855 1637 2910 harena.

311 2941 448 2995 Tum
475 2947 624 2996 satus
648 2943 896 2998 Anchisa
919 2948 1132 2998 caestus
1156 2948 1314 3012 pater
1339 2942 1541 2996 extulit
1566 2957 1785 3011 aequos,

311 3027 382 3082 Et
405 3029 629 3098 paribus
651 3029 865 3096 palmas
888 3030 1176 3086 amborum
1201 3029 1456 3084 innexuit
1480 3030 1668 3085 armis.

311 3115 578 3170 Constitit
601 3117 661 3169 in
685 3117 885 3185 digitos
910 3117 1192 3185 extemplo
1216 3121 1465 3172 arrectus
1488 3121 1737 3186 uterque,

311 3201 686 3273 Bracchiaque
712 3204 780 3258 ad
807 3220 1034 3273 superas
1057 3203 1344 3258 interritus
1370 3202 1571 3258 extulit
1594 3219 1773 3258 auras.

313 3289 612 3343 Abduxere
636 3295 788 3344 retro
814 3289 978 3358 longe
1003 3292 1188 3360 capita
1209 3291 1384 3347 ardua
1407 3291 1477 3344 ab
1502 3291 1633 3358 ictu,

311 3375 740 3446 Immiscentque
765 3395 960 3434 manus
981 3378 1251 3446 manibus,
1281 3393 1631 3448 pugnamque
1654 3375 1959 3440 lacessunt3

313 3461 412 3513 Ille
437 3461 634 3529 pedum
662 3461 858 3518 melior
883 3469 1055 3532 motu,
1083 3465 1373 3532 fretusque
1398 3465 1639 3532 iuventa,

2234 433 2340 486 895

2232 1302 2339 1354 405

2234 1735 2341 1786 410

2236 2166 2341 2218 415

2234 2598 2343 2650 420

2234 3031 2341 3084 425

2234 3465 2343 3516 430
