2725 3892
1046 82 1320 133 VERGILI
1365 81 1696 132 summos
1739 82 1880 132 vm.

442 245 724 315 Reliquias
750 253 1109 313 veterumque
1134 241 1287 296 vides
1309 247 1672 296 monumenta
1697 241 1958 297 virorum.

442 331 603 386 Hane
628 330 795 404 Ianus
818 334 993 398 pater,
1022 329 1167 382 hanc
1192 327 1464 382 Saturnus
1493 327 1738 382 condidit
1763 343 1980 394 arcem3

442 416 747 471 Ianiculum
773 416 916 484 huic,
942 415 1019 468 illi
1044 415 1227 468 fuerat
1250 413 1510 468 Saturnia
1533 414 1793 468 nomen.”

442 503 663 558 Talibus
686 503 837 556 inter
858 519 917 556 se
942 501 1107 555 dietis
1130 501 1201 558 ad
1226 505 1376 556 tecta
1399 501 1660 556 subibant
1697 551 1704 556 .

442 589 703 660 Pauperis
726 588 990 656 Euandri,
1018 587 1331 656 passimque
1356 593 1608 642 armenta
1631 587 1896 642 videbant

444 677 805 745 Romanoque
828 676 955 730 foro
981 679 1039 728 et
1060 674 1229 736 lautis
1250 675 1468 744 mugire
1493 674 1726 728 Carinis.

446 763 522 817 Ut
546 768 773 816 ventum
800 761 869 816 ad
894 760 1083 833 sedes:
1127 761 1161 789 “
1180 759 1333 814 Haec
1353 759 1388 788 ”
1413 760 1595 829 inquit
1624 761 1872 816 “limina
1899 761 2074 816 victor

444 849 670 904 Alcides
694 849 878 918 subiit,
907 847 1044 902 haec
1068 846 1223 900 illum
1249 847 1404 914 regia
1427 847 1588 916 cepit.
1679 913 1694 928 .

444 936 624 1008 Aude,
652 935 870 1005 hospes,
898 939 1255 1008 contemnere
1281 948 1430 1002 opes,
1459 938 1516 986 et
1541 941 1598 988 te
1624 948 1841 1004 quoque
1863 934 2092 1003 dignum

444 1023 619 1092 Einge
641 1022 763 1090 deo,
791 1021 1063 1090 rebusque
1086 1019 1215 1074 veni
1241 1035 1356 1074 non
1383 1034 1542 1088 asper
1567 1019 1808 1090 egenis.”

444 1109 618 1178 Dixit,
648 1114 705 1163 et
728 1108 941 1178 angusti
968 1107 1159 1162 subter
1182 1106 1402 1176 fastigia
1427 1107 1559 1162 tecti

446 1195 733 1266 Ingentem
758 1195 987 1250 Aenean
1012 1194 1189 1262 duxit,
1218 1197 1514 1264 stratisque
1539 1194 1750 1266 locavit

446 1281 715 1338 Effultum
740 1281 887 1336 foliis
912 1286 969 1336 et
1032 1280 1137 1336 elle
1208 1281 1464 1348 ibystidis
1488 1297 1666 1338 ursae.

516 1367 643 1424 NBx
670 1353 887 1436 rfflt,:‘e’t
910 1363 973 1421 ffi
1019 1359 1075 1420 ἷὲ
1100 1358 1181 1422 ιῖὶ
1202 1355 1357 1438 isi&
1387 1337 1874 1447 ffmfilffl‘a‘tu‘ibsss.

448 1457 528 1511 At
550 1455 745 1512 Venus
768 1454 917 1509 haud
942 1454 1129 1509 animo
1154 1452 1486 1524 nequiquam
1511 1455 1780 1510 exterrita
1801 1461 1995 1521 mater,

446 1535 727 1637 Ῑιαιιτθιὶῃ
821 1563 965 1601 uem
1028 1548 1075 1600 ia
1102 1541 1287 1630 et'ddr
1407 1556 1504 1598 ota
1525 1536 1784 1634 tffixjultg,
1971 1611 2032 1630 ..-
2067 1600 2100 1628 ο
2119 1599 2158 1635 υ

446 1611 701 1706 ᾮΤῆοῗιῃιι
783 1648 816 1687 a
852 1614 983 1702 loqu
1022 1613 1113 1700 ⁴15,
1146 1613 1261 1686 thal
1341 1629 1659 1700 ‘equs‘naeo
1683 1607 1934 1700 cumfigis
1958 1646 2125 1684 aureo

445 1719 663 1792 Incipit,
694 1722 750 1774 et
773 1719 936 1775 dictis
1001 1720 1211 1773 irinum
1236 1737 1269 1774 a
1300 1721 1444 1790 pirat
1467 1739 1738 1777 amorem:

450 1810 482 1839 ‘⁴
499 1807 643 1862 Dum
668 1808 815 1874 bello
839 1809 1089 1880 Argolici
1116 1811 1410 1865 vastabant
1432 1811 1704 1880 Pergama
1727 1827 1882 1879 reges

444 1893 648 1950 Debita
672 1913 1001 1967 casurasque
1028 1898 1264 1952 inimicis
1290 1899 1508 1967 ignibus
1534 1913 1701 1965 arces,

447 1981 577 2036 Non
602 1983 771 2036 ullum
798 1984 1061 2038 auxilium
1088 1984 1317 2050 miseris,
1346 1999 1462 2038 non
1493 1999 1648 2038 arma
1669 1985 1858 2052 rogavi

448 2070 601 2124 Artis
627 2071 851 2140 opisque
874 2079 1031 2140 tuae3
1074 2089 1175 2128 nee
1198 2079 1271 2138 te,
1304 2072 1584 2128 carissime
1609 2071 1869 2138 coniunx,

446 2142 795 2212 Incassumve
818 2164 945 2214 tuos
969 2159 1118 2216 volui
1143 2175 1401 2215 exercere
1423 2159 1654 2225 labores,

446 2243 710 2310 Quamvis
734 2249 791 2300 et
814 2245 1017 2301 Priami
1044 2243 1300 2308 deberem
1328 2246 1567 2317 plurima
1591 2245 1751 2313 natis,

443 2328 519 2384 Et
541 2331 739 2386 durum
766 2331 987 2403 Aeneae
1014 2323 1285 2390 flevissem
1316 2349 1477 2403 saepe
1501 2332 1764 2388 laborem.

444 2415 610 2474 Nunc
634 2417 785 2473 Iovis
808 2419 1055 2494 imperiis
1082 2419 1410 2476 Rutulorum
1437 2421 1688 2476 constitit
1713 2419 1852 2474 oris:

442 2503 591 2574 Ergo
616 2504 809 2560 eadem
834 2506 1063 2581 supplex
1091 2508 1270 2575 venie,
1300 2513 1359 2561 et
1383 2513 1630 2562 sanctum
1655 2505 1791 2560 mihi
1824 2519 2027 2586 numen

444 2591 621 2646 Arma
641 2608 795 2661 rogo,
822 2593 1074 2664 genetrix
1098 2599 1253 2650 nato.
1329 2593 1408 2648 Te
1431 2591 1550 2648 filia'
1570 2591 1756 2658 Nerei,

442 2676 519 2732 Te
542 2680 728 2748 potuit
750 2678 991 2734 lacrimis
1014 2663 1273 2735 Tithonia
1294 2675 1520 2736 fledtere
1543 2680 1800 2736 coniunx.

443 2763 667 2838 Aspice,
682 2759 787 2834 'qui
814 2769 1011 2838 coeant
1036 2765 1251 2834 popul!
1274 2783 1414 2836 quae
1437 2766 1656 2822 moenia
1684 2767 1884 2840 clausis

442 2848 669 2904 Ferrum
696 2857 898 2907 acuant
920 2851 1183 2932 portis-in
1207 2869 1295 2908 me
1322 2852 1736 2923 exscidiumque
1757 2849 2064 2906 m‘eorum.”

440 2933 690 3004 Dixerat,
720 2941 777 2992 et
800 2933 979 3010 niveis
1002 2937 1133 2993 hinc
1158 2943 1325 3008 atque
1350 2938 1481 2994 hinc
1507 2939 1638 2994 diva
1659 2939 1882 2998 lacertis

442 3021 809 3078 Cunctantem
834 3022 1091 3093 amplexu
1114 3025 1266 3080 molli
1292 3025 1462 3080 fovet.
1535 3025 1636 3096 Ille
1660 3031 1892 3096 repente

446 3107 677 3178 Aecepit
701 3109 917 3164 solitam
936 3108 1239 3184 flammam,
1270 3118 1546 3181 notusque
1569 3112 1839 3170 medullas

441 3193 679 3251 Intravit
702 3186 875 3264 calor,
894 3201 951 3252 et
972 3195 1243 3273 labefacta
1269 3215 1369 3267 per
1392 3209 1516 3254 ossa
1542 3199 1815 3259 cucurrit:

442 3279 573 3336 Non
596 3299 752 3337 aeuus
776 3289 941 3352 atque
966 3284 1115 3352 olim,
1144 3285 1357 3340 tonitru
1385 3302 1510 3339 cum
1534 3291 1700 3355 rupta
1723 3300 1954 3340 corusco

442 3365 611 3433 Ignea
634 3368 775 3446 rima
797 3370 1007 3438 micans
1033 3371 1305 3438 percurrit
1328 3370 1534 3424 lumine
1555 3371 1792 3424 nimbos.

2373 593 2478 644 860

2373 1023 2476 1076 865

2371 1457 2478 1512 870

2373 1896 2476 1954 375

2372 2333 2476 2386 880

2372 2767 2476 2820 885

2372 3196 2478 3248 890
