2725 3892
985 195 1260 248 vanum
1303 195 1635 246 mnnmos
1678 195 1767 246 IV.

358 357 468 413 Sed
489 357 628 412 mihi
655 357 740 411 vel
765 357 930 412 tellus
955 362 1138 427 optem
1165 357 1322 426 prius
1345 357 1459 412 ima
1480 356 1743 420 dehiscat,

358 443 468 498 Vel
491 444 660 498 Pater
683 444 1035 514 omnipotens
1059 443 1247 512 adigat
1268 459 1359 497 me
1384 443 1612 496 fulmine
1636 442 1707 498 ad
1733 442 1967 508 umbras,

356 530 622 586 Pallentis
644 531 866 586 umbras
889 531 1058 584 Erebi
1082 536 1415 601 noctemque
1438 529 1791 600 profundam,

357 619 524 686 Ante,
553 617 756 684 Pudor,
784 633 950 688 quam
977 621 1034 671 te
1060 617 1226 682 violo,
1255 625 1350 670 aut
1376 623 1473 672 tua
1496 616 1617 671 iura
1642 614 1874 670 resolvo·

355 705 455 759 ille
479 720 648 773 meos,
677 705 887 773 primus
911 705 1006 772 qui
1029 719 1118 758 me
1143 703 1248 757 sibi
1273 703 1470 771 iunxit,
1498 718 1718 758 amores

353 791 633 856 Abstulit;
673 789 767 845 ille
789 790 994 845 habeat
1019 807 1204 844 secum
1232 799 1528 860 servetque
1554 789 1859 860 sepulcr0.'’

354 878 443 933 Sic
466 877 635 932 effata
657 877 838 931 sinum
863 876 1103 932 lacrimis
1123 875 1379 945 implevit
1402 875 1632 931 obortis.

421 965 588 1020 Anna
609 966 816 1020 refert:
861 965 896 994 ‘⁴
916 963 966 1018 Ο
991 964 1114 1019 luce
1139 963 1314 1031 magis
1339 962 1543 1018 dilecta
1568 965 1763 1031 sorori,

351 1051 550 1107 Solane
572 1057 842 1121 perpetua
865 1066 1118 1105 maerens
1141 1065 1369 1118 carpere
1392 1049 1633 1118 iuventa,

352 1139 472 1194 Nec
495 1138 669 1193 dulcis
689 1143 868 1208 natos,
897 1136 1140 1192 Veneris
1163 1153 1268 1192 nec
1290 1138 1537 1206 praemia
1558 1139 1746 1193 noris?

350 1225 416 1280 Id
441 1227 682 1282 cinerem
708 1233 804 1282 aut
827 1225 1006 1281 Manis
1029 1225 1210 1280 credis
1233 1242 1429 1282 curare
1452 1228 1735 1298 sepultos?

347 1312 519 1368 Esto:
559 1329 779 1382 aegram
802 1309 939 1367 nulli
965 1311 1242 1380 quondam
1265 1311 1469 1369 flexere
1491 1317 1695 1382 mariti,

347 1399 479 1455 Non
501 1399 726 1468 Libyae,
752 1416 868 1454 non
893 1407 1023 1455 ante
1047 1401 1229 1470 Τῖτος
1269 1401 1562 1472 despectus
1586 1403 1775 1458 Iarbas

347 1487 728 1556 Ductoresque
753 1486 862 1555 alii,
889 1503 1028 1557 quos
1051 1489 1247 1543 Africa
1270 1494 1423 1544 terra
1444 1489 1739 1559 triumphis

347 1571 518 1627 Dives
543 1573 674 1628 alit:
713 1574 988 1643 placitone
1011 1575 1176 1630 etiam
1205 1575 1478 1646 pugnabis
1502 1577 1714 1631 amori?

346 1659 466 1715 Nec
489 1661 725 1715 venitin
749 1668 1010 1731 mentem,
1037 1679 1272 1734 quorum
1298 1662 1608 1717 consederis
1632 1665 1819 1719 arvis?

345 1745 492 1800 Hinc
517 1746 788 1802 Gaetulae
810 1749 993 1817 urbes,
1023 1765 1195 1818 genus
1223 1749 1593 1818 insuperabile
1616 1749 1778 1816 bellu,

344 1833 420 1888 Et
441 1833 718 1890 Numidae
742 1836 949 1891 infreni
975 1837 1206 1906 cingunt
1229 1841 1287 1890 et
1311 1835 1593 1905 inhospita
1616 1836 1825 1904 Syrtin

343 1919 491 1976 Hinc
512 1921 731 1977 deserta
753 1923 845 1976 siti
869 1923 1039 1993 regim
1067 1922 1287 1992 lateque
1313 1921 1559 1976 furentes

343 2008 589 2064 Barcaei.
665 2009 811 2076 Quid
835 2010 980 2065 bella
1005 2009 1152 2078 Tyro
1175 2009 1459 2078 surgentia
1480 2009 1676 2077 dicam,

343 2097 714 2170 Germanique
739 2101 950 2156 minas?

341 2185 441 2240 Dis
465 2188 719 2256 equidem
745 2187 1059 2258 auspicibus
1081 2203 1208 2242 reor
1232 2191 1291 2242 et
1313 2185 1529 2241 Iunone
1553 2185 1794 2242 secunda

342 2271 506 2328 Hune
531 2291 750 2330 cursum
776 2274 973 2330 Iliacas
997 2282 1168 2330 vento
1193 2273 1437 2328 tenuisse
1460 2274 1695 2328 carinas.

343 2357 518 2424 Quam
543 2367 606 2416 tu
629 2364 840 2431 urbem,
867 2378 1045 2432 soror,
1071 2361 1219 2417 hano
1242 2377 1451 2426 cernes,
1480 2375 1619 2430 quae
1643 2375 1867 2429 surgere
1890 2374 2059 2426 regna

340 2445 611 2518 Coniugio
635 2449 761 2504 talil
837 2449 1108 2505 Teucrum
1131 2447 1527 2505 comitantibus
1548 2447 1716 2502 armis

337 2531 550 2590 Punica
571 2551 631 2590 se
656 2537 876 2605 quantis
900 2535 1117 2591 attollet
1139 2535 1318 2606 gloria
1337 2534 1531 2590 rebus!

339 2618 420 2673 Tu
445 2621 612 2678 modo
635 2641 800 2693 posce
823 2625 958 2680 deos
983 2626 1214 2696 veniam,
1243 2626 1523 2696 sacrisque
1544 2624 1719 2679 litatis

337 2704 570 2779 Indulge
592 2709 850 2781 hospitio,
873 2729 1170 2784 causasque
1195 2713 1419 2768 innecte
1442 2710 1712 2778 morandi,

337 2792 484 2850 Dum
507 2797 703 2867 pelago
725 2797 973 2854 desaevit
995 2799 1174 2854 hiems
1199 2804 1258 2854 et
1281 2815 1519 2869 aquosus
1542 2797 1733 2864 Orion,

339 2879 744 2955 Quassataeque
769 2891 931 2955 rateS,
959 2886 1090 2942 dum
1117 2902 1233 2941 non
1255 2885 1547 2941 tractabile
1570 2884 1837 2940 caelum.”

407 2968 510 3024 His
533 2971 698 3025 dictis
721 2971 1004 3027 incensum
1032 2973 1276 3028 animum
1303 2971 1668 3027 inflammavit
1692 2987 1893 3040 amore,

226 3043 233 3052 ’
335 3053 608 3126 Spemque
633 3058 788 3113 dedit
811 3060 1009 3114 dubiae
1032 3060 1224 3127 menti,
1254 3058 1529 3128 solvitque
1552 3058 1836 3128 pudorem.

335 3143 614 3213 Principio
639 3144 871 3201 delubra
893 3145 1115 3215 adeunt,
1143 3161 1447 3215 pacemque
1468 3161 1569 3214 per
1592 3159 1717 3198 aras

332 3227 678 3299 Exquirunt3
716 3237 963 3286 mactant
985 3231 1157 3286 lectas
1179 3231 1250 3286 de
1271 3246 1430 3285 more
1454 3231 1693 3284 bidentis

333 3315 614 3384 Legiserae
639 3315 826 3372 Cereri
851 3317 1188 3386 Phoeboque
1212 3318 1466 3387 patrique
1488 3315 1689 3382 Lyaeo,

333 3400 533 3455 Iunoni
557 3406 686 3456 ante
709 3404 904 3472 omnis,
931 3403 1020 3458 cui
1043 3403 1228 3457 vincla
1249 3403 1455 3470 iugalia
1476 3417 1655 3456 curae.

333 3483 461 3553 Ipsa
483 3491 679 3540 tenens
701 3487 898 3542 dextra
922 3493 1168 3556 pateram
1196 3487 1569 3556 pulcherrima
1590 3485 1737 3540 Dido

65 3771 376 3840 Λ

2318 883 2387 936 80

2296 2627 2377 2680 50

2296 3061 2369 3115 55

2296 3494 2371 3547 60
