<?xml version="1.0" encoding="UTF-8"?>
<!DOCTYPE html PUBLIC "-//W3C//DTD XHTML 1.0 Transitional//EN"
    "http://www.w3.org/TR/xhtml1/DTD/xhtml1-transitional.dtd">
<html xmlns="http://www.w3.org/1999/xhtml" xml:lang="en" lang="en">
 <head>
  <title>
</title>
<meta http-equiv="Content-Type" content="text/html;charset=utf-8" />
  <meta name='ocr-system' content='tesseract 3.04.00' />
  <meta name='ocr-capabilities' content='ocr_page ocr_carea ocr_par ocr_line ocrx_word'/>
</head>
<body>
  <div class='ocr_page' id='page_1' title='image "arevisedtextpoe01virggoog_0308.png"; bbox 0 0 2725 3892; ppageno 0'>
   <div class='ocr_carea' id='block_1_1' title="bbox 999 174 1779 229">
    <p class='ocr_par' dir='ltr' id='par_1_1' title="bbox 999 174 1779 229">
     <span class='ocr_line' id='line_1_1' title="bbox 999 174 1779 229; baseline 0.001 -3"><span class='ocrx_word' id='word_1_1' title='bbox 999 176 1274 229; x_wconf 71' lang='lat' dir='ltr'><strong>vultum</strong></span> <span class='ocrx_word' id='word_1_2' title='bbox 1317 174 1649 229; x_wconf 69' lang='lat' dir='ltr'><strong>mutuos</strong></span> <span class='ocrx_word' id='word_1_3' title='bbox 1692 177 1779 227; x_wconf 82' lang='lat' dir='ltr'><strong>Ix.</strong></span> 
     </span>
    </p>
   </div>
   <div class='ocr_carea' id='block_1_2' title="bbox 343 335 2409 3543">
    <p class='ocr_par' dir='ltr' id='par_1_2' title="bbox 368 335 2409 1190">
     <span class='ocr_line' id='line_1_2' title="bbox 375 335 1858 409; baseline 0.001 -16"><span class='ocrx_word' id='word_1_4' title='bbox 375 336 656 409; x_wconf 82' lang='lat' dir='ltr'><strong>Armaque</strong></span> <span class='ocrx_word' id='word_1_5' title='bbox 681 342 1028 409; x_wconf 84' lang='lat' dir='ltr'><strong>craterasque</strong></span> <span class='ocrx_word' id='word_1_6' title='bbox 1051 335 1212 392; x_wconf 85' lang='lat' dir='ltr'><strong>simul</strong></span> <span class='ocrx_word' id='word_1_7' title='bbox 1236 336 1605 407; x_wconf 69' lang='lat' dir='ltr'><strong>pulchrosque</strong></span> <span class='ocrx_word' id='word_1_8' title='bbox 1628 344 1858 409; x_wconf 87' lang='lat' dir='ltr'><strong>tapetas.</strong></span> 
     </span>
     <span class='ocr_line' id='line_1_3' title="bbox 374 408 1921 501; baseline -0.003 -22"><span class='ocrx_word' id='word_1_9' title='bbox 374 423 652 501; x_wconf 57' lang='lat' dir='ltr'><strong>Euryalus</strong></span> <span class='ocrx_word' id='word_1_10' title='bbox 669 425 924 495; x_wconf 84' lang='lat' dir='ltr'><strong>phaleras</strong></span> <span class='ocrx_word' id='word_1_11' title='bbox 949 424 1278 478; x_wconf 82' lang='lat' dir='ltr'><strong>Rhamnetis</strong></span> <span class='ocrx_word' id='word_1_12' title='bbox 1304 430 1363 478; x_wconf 91' lang='lat' dir='ltr'><strong>et</strong></span> <span class='ocrx_word' id='word_1_13' title='bbox 1390 440 1558 479; x_wconf 83' lang='lat' dir='ltr'><strong>aurea</strong></span> <span class='ocrx_word' id='word_1_14' title='bbox 1581 424 1751 479; x_wconf 89' lang='lat' dir='ltr'><strong>bullis</strong></span> <span class='ocrx_word' id='word_1_15' title='bbox 1824 408 1921 474; x_wconf 57' lang='lat'><strong>1³¹³</strong></span> 
     </span>
     <span class='ocr_line' id='line_1_4' title="bbox 374 510 2409 580; baseline 0 -15"><span class='ocrx_word' id='word_1_16' title='bbox 374 510 626 580; x_wconf 78' lang='lat' dir='ltr'><strong>Cingula,</strong></span> <span class='ocrx_word' id='word_1_17' title='bbox 655 511 870 565; x_wconf 81' lang='lat' dir='ltr'>Tiburti</span> <span class='ocrx_word' id='word_1_18' title='bbox 895 510 1128 565; x_wconf 86' lang='lat' dir='ltr'><strong>Remulo</strong></span> <span class='ocrx_word' id='word_1_19' title='bbox 1153 510 1456 564; x_wconf 85' lang='lat' dir='ltr'><strong>ditissimus</strong></span> <span class='ocrx_word' id='word_1_20' title='bbox 1480 510 1611 565; x_wconf 89' lang='lat' dir='ltr'><strong>olim</strong></span> <span class='ocrx_word' id='word_1_21' title='bbox 2300 520 2409 575; x_wconf 75' lang='lat'><strong>860</strong></span> 
     </span>
     <span class='ocr_line' id='line_1_5' title="bbox 374 595 1849 667; baseline 0.001 -16"><span class='ocrx_word' id='word_1_22' title='bbox 374 596 530 662; x_wconf 84' lang='lat' dir='ltr'><strong>Quae</strong></span> <span class='ocrx_word' id='word_1_23' title='bbox 554 595 728 650; x_wconf 80' lang='lat' dir='ltr'><strong>mittit</strong></span> <span class='ocrx_word' id='word_1_24' title='bbox 751 596 916 665; x_wconf 89' lang='lat' dir='ltr'><strong>dona,</strong></span> <span class='ocrx_word' id='word_1_25' title='bbox 943 596 1186 665; x_wconf 87' lang='lat' dir='ltr'><strong>hospitio</strong></span> <span class='ocrx_word' id='word_1_26' title='bbox 1211 612 1336 650; x_wconf 86' lang='lat' dir='ltr'><strong>oum</strong></span> <span class='ocrx_word' id='word_1_27' title='bbox 1361 598 1617 666; x_wconf 84' lang='lat' dir='ltr'><strong>iungeret</strong></span> <span class='ocrx_word' id='word_1_28' title='bbox 1638 598 1849 667; x_wconf 77' lang='lat' dir='ltr'><strong>absens,</strong></span> 
     </span>
     <span class='ocr_line' id='line_1_6' title="bbox 372 682 1800 754; baseline 0.001 -17"><span class='ocrx_word' id='word_1_29' title='bbox 372 682 669 750; x_wconf 84' lang='lat' dir='ltr'><strong>Caedicus;</strong></span> <span class='ocrx_word' id='word_1_30' title='bbox 709 682 802 737; x_wconf 92' lang='lat' dir='ltr'><strong>ille</strong></span> <span class='ocrx_word' id='word_1_31' title='bbox 827 700 928 737; x_wconf 89' lang='lat' dir='ltr'><strong>suo</strong></span> <span class='ocrx_word' id='word_1_32' title='bbox 957 682 1204 737; x_wconf 88' lang='lat' dir='ltr'><strong>moriens</strong></span> <span class='ocrx_word' id='word_1_33' title='bbox 1231 683 1328 737; x_wconf 83' lang='lat' dir='ltr'><strong>dat</strong></span> <span class='ocrx_word' id='word_1_34' title='bbox 1349 682 1557 737; x_wconf 85' lang='lat' dir='ltr'><strong>habere</strong></span> <span class='ocrx_word' id='word_1_35' title='bbox 1578 685 1800 754; x_wconf 85' lang='lat' dir='ltr'><strong>nepoti;</strong></span> 
     </span>
     <span class='ocr_line' id='line_1_7' title="bbox 371 760 1695 843; baseline 0 -20"><span class='ocrx_word' id='word_1_36' title='bbox 371 769 507 823; x_wconf 86' lang='lat' dir='ltr'><strong>Post</strong></span> <span class='ocrx_word' id='word_1_37' title='bbox 531 760 768 823; x_wconf 74' lang='lat' dir='ltr'><strong>mortem</strong></span> <span class='ocrx_word' id='word_1_38' title='bbox 793 770 938 824; x_wconf 89' lang='lat' dir='ltr'><strong>bello</strong></span> <span class='ocrx_word' id='word_1_39' title='bbox 963 768 1154 843; x_wconf 75' lang='lat' dir='ltr'><strong>Rutuli</strong></span> <span class='ocrx_word' id='word_1_40' title='bbox 1182 785 1477 840; x_wconf 76' lang='lat' dir='ltr'><strong>pugnaque</strong></span> <span class='ocrx_word' id='word_1_41' title='bbox 1500 769 1695 840; x_wconf 84' lang='lat' dir='ltr'><strong>potiti3</strong></span> 
     </span>
     <span class='ocr_line' id='line_1_8' title="bbox 371 846 1946 927; baseline 0.002 -18"><span class='ocrx_word' id='word_1_42' title='bbox 371 855 524 911; x_wconf 87' lang='lat' dir='ltr'><strong>Haeo</strong></span> <span class='ocrx_word' id='word_1_43' title='bbox 547 854 710 924; x_wconf 80' lang='lat' dir='ltr'><strong>rapit,</strong></span> <span class='ocrx_word' id='word_1_44' title='bbox 740 862 906 925; x_wconf 85' lang='lat' dir='ltr'><strong>atque</strong></span> <span class='ocrx_word' id='word_1_45' title='bbox 931 856 1138 910; x_wconf 84' lang='lat' dir='ltr'><strong>umeris</strong></span> <span class='ocrx_word' id='word_1_46' title='bbox 1161 846 1489 927; x_wconf 78' lang='lat' dir='ltr'><strong>nequiquam</strong></span> <span class='ocrx_word' id='word_1_47' title='bbox 1512 856 1755 911; x_wconf 72' lang='lat' dir='ltr'><strong>fortibus</strong></span> <span class='ocrx_word' id='word_1_48' title='bbox 1778 862 1946 926; x_wconf 82' lang='lat' dir='ltr'><strong>aptat.</strong></span> 
     </span>
     <span class='ocr_line' id='line_1_9' title="bbox 369 941 2401 1013; baseline 0.003 -17"><span class='ocrx_word' id='word_1_49' title='bbox 369 942 506 997; x_wconf 87' lang='lat' dir='ltr'><strong>Tum</strong></span> <span class='ocrx_word' id='word_1_50' title='bbox 533 941 748 1011; x_wconf 77' lang='lat' dir='ltr'><strong>galeam</strong></span> <span class='ocrx_word' id='word_1_51' title='bbox 771 941 1008 1013; x_wconf 76' lang='lat' dir='ltr'><strong>Messapi</strong></span> <span class='ocrx_word' id='word_1_52' title='bbox 1031 942 1271 997; x_wconf 86' lang='lat' dir='ltr'><strong>habilem</strong></span> <span class='ocrx_word' id='word_1_53' title='bbox 1297 944 1585 1013; x_wconf 73' lang='lat' dir='ltr'><strong>cristisque</strong></span> <span class='ocrx_word' id='word_1_54' title='bbox 1608 942 1865 999; x_wconf 87' lang='lat' dir='ltr'><strong>decoram</strong></span> <span class='ocrx_word' id='word_1_55' title='bbox 2296 952 2401 1004; x_wconf 75' lang='lat'><strong>865</strong></span> 
     </span>
     <span class='ocr_line' id='line_1_10' title="bbox 368 1028 1740 1099; baseline 0.001 -16"><span class='ocrx_word' id='word_1_56' title='bbox 368 1028 574 1083; x_wconf 85' lang='lat' dir='ltr'><strong>Induit.</strong></span> <span class='ocrx_word' id='word_1_57' title='bbox 650 1028 944 1083; x_wconf 75' lang='lat' dir='ltr'><strong>Excedunt</strong></span> <span class='ocrx_word' id='word_1_58' title='bbox 968 1030 1178 1098; x_wconf 86' lang='lat' dir='ltr'><strong>castris,</strong></span> <span class='ocrx_word' id='word_1_59' title='bbox 1205 1034 1263 1085; x_wconf 90' lang='lat' dir='ltr'><strong>et</strong></span> <span class='ocrx_word' id='word_1_60' title='bbox 1286 1035 1411 1085; x_wconf 84' lang='lat' dir='ltr'><strong>tuta</strong></span> <span class='ocrx_word' id='word_1_61' title='bbox 1433 1034 1740 1099; x_wconf 83' lang='lat' dir='ltr'><strong>capessunt.</strong></span> 
     </span>
     <span class='ocr_line' id='line_1_11' title="bbox 440 1114 1699 1190; baseline 0.002 -21"><span class='ocrx_word' id='word_1_62' title='bbox 440 1114 664 1170; x_wconf 79' lang='lat' dir='ltr'>Interea</span> <span class='ocrx_word' id='word_1_63' title='bbox 686 1116 974 1185; x_wconf 76' lang='lat' dir='ltr'>praemissi</span> <span class='ocrx_word' id='word_1_64' title='bbox 998 1118 1210 1186; x_wconf 78' lang='lat' dir='ltr'>equites</span> <span class='ocrx_word' id='word_1_65' title='bbox 1234 1133 1303 1171; x_wconf 84' lang='lat' dir='ltr'><strong>ex</strong></span> <span class='ocrx_word' id='word_1_66' title='bbox 1327 1118 1467 1171; x_wconf 87' lang='lat' dir='ltr'><strong>urbe</strong></span> <span class='ocrx_word' id='word_1_67' title='bbox 1488 1116 1699 1190; x_wconf 79' lang='lat' dir='ltr'><strong>Latina,</strong></span> 
     </span>
    </p>

    <p class='ocr_par' dir='ltr' id='par_1_3' title="bbox 363 1201 2397 1885">
     <span class='ocr_line' id='line_1_12' title="bbox 369 1201 1708 1273; baseline 0 -16"><span class='ocrx_word' id='word_1_68' title='bbox 369 1201 569 1257; x_wconf 82' lang='lat' dir='ltr'><strong>Cetera.</strong></span> <span class='ocrx_word' id='word_1_69' title='bbox 591 1202 724 1257; x_wconf 87' lang='lat' dir='ltr'><strong>dum</strong></span> <span class='ocrx_word' id='word_1_70' title='bbox 749 1202 897 1273; x_wconf 79' lang='lat' dir='ltr'><strong>legio</strong></span> <span class='ocrx_word' id='word_1_71' title='bbox 921 1202 1130 1273; x_wconf 84' lang='lat' dir='ltr'><strong>eampis</strong></span> <span class='ocrx_word' id='word_1_72' title='bbox 1151 1202 1425 1257; x_wconf 85' lang='lat' dir='ltr'><strong>instructa</strong></span> <span class='ocrx_word' id='word_1_73' title='bbox 1446 1208 1708 1271; x_wconf 85' lang='lat' dir='ltr'><strong>moratur,</strong></span> 
     </span>
     <span class='ocr_line' id='line_1_13' title="bbox 365 1289 1538 1362; baseline 0.001 -17"><span class='ocrx_word' id='word_1_74' title='bbox 365 1289 530 1345; x_wconf 80' lang='lat' dir='ltr'><strong>Ibant</strong></span> <span class='ocrx_word' id='word_1_75' title='bbox 553 1296 610 1345; x_wconf 87' lang='lat' dir='ltr'><strong>et</strong></span> <span class='ocrx_word' id='word_1_76' title='bbox 634 1290 820 1347; x_wconf 90' lang='lat' dir='ltr'><strong>Turno</strong></span> <span class='ocrx_word' id='word_1_77' title='bbox 843 1292 960 1361; x_wconf 85' lang='lat' dir='ltr'><strong>regi</strong></span> <span class='ocrx_word' id='word_1_78' title='bbox 983 1308 1245 1362; x_wconf 85' lang='lat' dir='ltr'><strong>responsa</strong></span> <span class='ocrx_word' id='word_1_79' title='bbox 1265 1292 1538 1360; x_wconf 71' lang='lat' dir='ltr'><strong>ferebant,</strong></span> 
     </span>
     <span class='ocr_line' id='line_1_14' title="bbox 368 1376 2397 1450; baseline 0.004 -20"><span class='ocrx_word' id='word_1_80' title='bbox 368 1376 475 1431; x_wconf 88' lang='lat' dir='ltr'><strong>Ter</strong></span> <span class='ocrx_word' id='word_1_81' title='bbox 499 1381 738 1447; x_wconf 87' lang='lat' dir='ltr'><strong>centum,</strong></span> <span class='ocrx_word' id='word_1_82' title='bbox 767 1377 968 1433; x_wconf 87' lang='lat' dir='ltr'><strong>scutati</strong></span> <span class='ocrx_word' id='word_1_83' title='bbox 993 1394 1198 1446; x_wconf 86' lang='lat' dir='ltr'><strong>omnes,</strong></span> <span class='ocrx_word' id='word_1_84' title='bbox 1224 1377 1529 1433; x_wconf 86' lang='lat' dir='ltr'><strong>Volscente</strong></span> <span class='ocrx_word' id='word_1_85' title='bbox 1550 1380 1831 1450; x_wconf 77' lang='lat' dir='ltr'><strong>magistro.</strong></span> <span class='ocrx_word' id='word_1_86' title='bbox 2290 1386 2397 1441; x_wconf 82' lang='grc'><strong>870</strong></span> 
     </span>
     <span class='ocr_line' id='line_1_15' title="bbox 365 1463 1897 1536; baseline 0.003 -18"><span class='ocrx_word' id='word_1_87' title='bbox 365 1463 594 1535; x_wconf 88' lang='lat' dir='ltr'><strong>Iamque</strong></span> <span class='ocrx_word' id='word_1_88' title='bbox 621 1466 1070 1536; x_wconf 83' lang='lat' dir='ltr'><strong>propinquabant</strong></span> <span class='ocrx_word' id='word_1_89' title='bbox 1093 1465 1303 1534; x_wconf 73' lang='lat' dir='ltr'><strong>castris,</strong></span> <span class='ocrx_word' id='word_1_90' title='bbox 1329 1482 1601 1535; x_wconf 88' lang='lat' dir='ltr'><strong>muroque</strong></span> <span class='ocrx_word' id='word_1_91' title='bbox 1626 1468 1897 1535; x_wconf 88' lang='lat' dir='ltr'><strong>subibant,</strong></span> 
     </span>
     <span class='ocr_line' id='line_1_16' title="bbox 367 1550 1807 1623; baseline 0.003 -18"><span class='ocrx_word' id='word_1_92' title='bbox 367 1550 510 1605; x_wconf 81' lang='lat' dir='ltr'><strong>Cum</strong></span> <span class='ocrx_word' id='word_1_93' title='bbox 534 1552 727 1622; x_wconf 89' lang='lat' dir='ltr'><strong>procul</strong></span> <span class='ocrx_word' id='word_1_94' title='bbox 753 1553 855 1607; x_wconf 89' lang='lat' dir='ltr'><strong>hos</strong></span> <span class='ocrx_word' id='word_1_95' title='bbox 879 1553 1036 1608; x_wconf 82' lang='lat' dir='ltr'><strong>laevo</strong></span> <span class='ocrx_word' id='word_1_96' title='bbox 1061 1552 1334 1607; x_wconf 83' lang='lat' dir='ltr'><strong>flectentis</strong></span> <span class='ocrx_word' id='word_1_97' title='bbox 1355 1551 1534 1607; x_wconf 90' lang='lat' dir='ltr'><strong>limite</strong></span> <span class='ocrx_word' id='word_1_98' title='bbox 1557 1560 1807 1623; x_wconf 80' lang='lat' dir='ltr'><strong>cernunt,</strong></span> 
     </span>
     <span class='ocr_line' id='line_1_17' title="bbox 365 1632 1751 1713; baseline 0.001 -19"><span class='ocrx_word' id='word_1_99' title='bbox 365 1640 440 1695; x_wconf 90' lang='lat' dir='ltr'><strong>Et</strong></span> <span class='ocrx_word' id='word_1_100' title='bbox 463 1642 621 1712; x_wconf 84' lang='lat' dir='ltr'><strong>galea</strong></span> <span class='ocrx_word' id='word_1_101' title='bbox 632 1641 946 1713; x_wconf 76' lang='lat' dir='ltr'><strong>Euryalum</strong></span> <span class='ocrx_word' id='word_1_102' title='bbox 973 1641 1240 1695; x_wconf 77' lang='lat' dir='ltr'><strong>sublustri</strong></span> <span class='ocrx_word' id='word_1_103' title='bbox 1263 1641 1447 1695; x_wconf 82' lang='lat' dir='ltr'><strong>noctis</strong></span> <span class='ocrx_word' id='word_1_104' title='bbox 1468 1642 1527 1694; x_wconf 90' lang='lat' dir='ltr'><strong>in</strong></span> <span class='ocrx_word' id='word_1_105' title='bbox 1554 1632 1751 1696; x_wconf 61' lang='lat' dir='ltr'><strong>umbra*</strong></span> 
     </span>
     <span class='ocr_line' id='line_1_18' title="bbox 365 1728 1841 1819; baseline 0.001 -38"><span class='ocrx_word' id='word_1_106' title='bbox 365 1728 659 1785; x_wconf 80' lang='lat' dir='ltr'><strong>Prodidit·</strong></span> <span class='ocrx_word' id='word_1_107' title='bbox 635 1746 1024 1819; x_wconf 74' lang='lat' dir='ltr'><strong>immemorem</strong></span> <span class='ocrx_word' id='word_1_108' title='bbox 1053 1728 1327 1801; x_wconf 86' lang='lat' dir='ltr'><strong>radiisque</strong></span> <span class='ocrx_word' id='word_1_109' title='bbox 1349 1730 1585 1784; x_wconf 85' lang='lat' dir='ltr'><strong>adversa</strong></span> <span class='ocrx_word' id='word_1_110' title='bbox 1606 1728 1841 1783; x_wconf 77' lang='lat' dir='ltr'><strong>refulsit.</strong></span> 
     </span>
     <span class='ocr_line' id='line_1_19' title="bbox 363 1798 2389 1885; baseline 0.003 -16"><span class='ocrx_word' id='word_1_111' title='bbox 363 1815 528 1871; x_wconf 84' lang='lat' dir='ltr'><strong>Haud</strong></span> <span class='ocrx_word' id='word_1_112' title='bbox 557 1798 768 1875; x_wconf 83' lang='lat' dir='ltr'><strong>temere</strong></span> <span class='ocrx_word' id='word_1_113' title='bbox 793 1827 877 1874; x_wconf 88' lang='lat' dir='ltr'><strong>est</strong></span> <span class='ocrx_word' id='word_1_114' title='bbox 903 1820 1100 1880; x_wconf 81' lang='lat' dir='ltr'><strong>visum.</strong></span> <span class='ocrx_word' id='word_1_115' title='bbox 1174 1816 1502 1871; x_wconf 74' lang='lat' dir='ltr'><strong>Conclamat</strong></span> <span class='ocrx_word' id='word_1_116' title='bbox 1524 1816 1595 1871; x_wconf 85' lang='lat' dir='ltr'><strong>ab</strong></span> <span class='ocrx_word' id='word_1_117' title='bbox 1620 1815 1841 1885; x_wconf 78' lang='lat' dir='ltr'><strong>agmine</strong></span> <span class='ocrx_word' id='word_1_118' title='bbox 1866 1816 2159 1873; x_wconf 83' lang='lat' dir='ltr'><strong>Volscens:</strong></span> <span class='ocrx_word' id='word_1_119' title='bbox 2285 1818 2389 1875; x_wconf 69' lang='lat'><strong>375</strong></span> 
     </span>
    </p>

    <p class='ocr_par' dir='ltr' id='par_1_4' title="bbox 346 1902 2387 3105">
     <span class='ocr_line' id='line_1_20' title="bbox 367 1902 1987 1978; baseline 0 -21"><span class='ocrx_word' id='word_1_120' title='bbox 367 1902 593 1976; x_wconf 87' lang='lat' dir='ltr'><strong>“State,</strong></span> <span class='ocrx_word' id='word_1_121' title='bbox 621 1907 761 1974; x_wconf 79' lang='lat' dir='ltr'><strong>viri3</strong></span> <span class='ocrx_word' id='word_1_122' title='bbox 804 1923 942 1978; x_wconf 88' lang='lat' dir='ltr'><strong>quae</strong></span> <span class='ocrx_word' id='word_1_123' title='bbox 969 1922 1135 1961; x_wconf 88' lang='lat' dir='ltr'><strong>cansa</strong></span> <span class='ocrx_word' id='word_1_124' title='bbox 1157 1904 1316 1959; x_wconf 67' lang='lat' dir='ltr'><strong>viae?</strong></span> <span class='ocrx_word' id='word_1_125' title='bbox 1355 1902 1521 1973; x_wconf 85' lang='lat' dir='ltr'><strong>quive</strong></span> <span class='ocrx_word' id='word_1_126' title='bbox 1544 1904 1677 1969; x_wconf 74' lang='lat' dir='ltr'><strong>estis</strong></span> <span class='ocrx_word' id='word_1_127' title='bbox 1699 1904 1757 1957; x_wconf 85' lang='lat' dir='ltr'><strong>in</strong></span> <span class='ocrx_word' id='word_1_128' title='bbox 1780 1902 1987 1958; x_wconf 68' lang='lat' dir='ltr'><strong>armis?</strong></span> 
     </span>
     <span class='ocr_line' id='line_1_21' title="bbox 365 1992 1807 2061; baseline -0.003 -12"><span class='ocrx_word' id='word_1_129' title='bbox 365 1993 560 2061; x_wconf 83' lang='lat' dir='ltr'><strong>Quove</strong></span> <span class='ocrx_word' id='word_1_130' title='bbox 583 1994 784 2051; x_wconf 87' lang='lat' dir='ltr'><strong>tenetis</strong></span> <span class='ocrx_word' id='word_1_131' title='bbox 814 1994 1011 2049; x_wconf 68' lang='lat' dir='ltr'><strong>iter2”</strong></span> <span class='ocrx_word' id='word_1_132' title='bbox 1059 1993 1218 2049; x_wconf 80' lang='lat' dir='ltr'><strong>Nihil</strong></span> <span class='ocrx_word' id='word_1_133' title='bbox 1239 1992 1338 2047; x_wconf 83' lang='lat' dir='ltr'><strong>ini·</strong></span> <span class='ocrx_word' id='word_1_134' title='bbox 1342 1992 1575 2050; x_wconf 83' lang='lat' dir='ltr'><strong>tendere</strong></span> <span class='ocrx_word' id='word_1_135' title='bbox 1597 1998 1807 2059; x_wconf 85' lang='lat' dir='ltr'><strong>eontra,</strong></span> 
     </span>
     <span class='ocr_line' id='line_1_22' title="bbox 359 2080 1686 2155; baseline -0.003 -18"><span class='ocrx_word' id='word_1_136' title='bbox 359 2082 468 2137; x_wconf 85' lang='lat' dir='ltr'><strong>Sed</strong></span> <span class='ocrx_word' id='word_1_137' title='bbox 493 2084 734 2139; x_wconf 85' lang='lat' dir='ltr'><strong>celerare</strong></span> <span class='ocrx_word' id='word_1_138' title='bbox 757 2086 946 2155; x_wconf 76' lang='lat' dir='ltr'><strong>fugam</strong></span> <span class='ocrx_word' id='word_1_139' title='bbox 970 2084 1030 2138; x_wconf 90' lang='lat' dir='ltr'><strong>in</strong></span> <span class='ocrx_word' id='word_1_140' title='bbox 1053 2082 1220 2139; x_wconf 81' lang='lat' dir='ltr'><strong>silvas</strong></span> <span class='ocrx_word' id='word_1_141' title='bbox 1243 2086 1300 2136; x_wconf 88' lang='lat' dir='ltr'><strong>et</strong></span> <span class='ocrx_word' id='word_1_142' title='bbox 1321 2080 1495 2135; x_wconf 75' lang='lat' dir='ltr'><strong>fidere</strong></span> <span class='ocrx_word' id='word_1_143' title='bbox 1518 2080 1686 2134; x_wconf 87' lang='lat' dir='ltr'><strong>nocti.</strong></span> 
     </span>
     <span class='ocr_line' id='line_1_23' title="bbox 361 2169 1527 2241; baseline -0.002 -17"><span class='ocrx_word' id='word_1_144' title='bbox 361 2170 626 2226; x_wconf 82' lang='lat' dir='ltr'><strong>Obiciunt</strong></span> <span class='ocrx_word' id='word_1_145' title='bbox 652 2172 866 2241; x_wconf 83' lang='lat' dir='ltr'><strong>equites</strong></span> <span class='ocrx_word' id='word_1_146' title='bbox 888 2188 1008 2227; x_wconf 89' lang='lat' dir='ltr'><strong>sese</strong></span> <span class='ocrx_word' id='word_1_147' title='bbox 1031 2171 1099 2226; x_wconf 84' lang='lat' dir='ltr'><strong>ad</strong></span> <span class='ocrx_word' id='word_1_148' title='bbox 1127 2169 1371 2225; x_wconf 82' lang='lat' dir='ltr'><strong>divortia</strong></span> <span class='ocrx_word' id='word_1_149' title='bbox 1392 2175 1527 2223; x_wconf 87' lang='lat' dir='ltr'><strong>nota</strong></span> 
     </span>
     <span class='ocr_line' id='line_1_24' title="bbox 357 2252 2387 2328; baseline 0 -18"><span class='ocrx_word' id='word_1_150' title='bbox 357 2256 504 2311; x_wconf 87' lang='lat' dir='ltr'><strong>Hinc</strong></span> <span class='ocrx_word' id='word_1_151' title='bbox 529 2264 694 2327; x_wconf 87' lang='lat' dir='ltr'><strong>atque</strong></span> <span class='ocrx_word' id='word_1_152' title='bbox 721 2258 868 2325; x_wconf 83' lang='lat' dir='ltr'><strong>hinc,</strong></span> <span class='ocrx_word' id='word_1_153' title='bbox 901 2272 1230 2328; x_wconf 86' lang='lat' dir='ltr'><strong>omnemque</strong></span> <span class='ocrx_word' id='word_1_154' title='bbox 1255 2252 1467 2311; x_wconf 85' lang='lat' dir='ltr'><strong>abitum</strong></span> <span class='ocrx_word' id='word_1_155' title='bbox 1494 2254 1725 2309; x_wconf 77' lang='lat' dir='ltr'><strong>custode</strong></span> <span class='ocrx_word' id='word_1_156' title='bbox 1748 2258 2031 2309; x_wconf 85' lang='lat' dir='ltr'><strong>coronant.</strong></span> <span class='ocrx_word' id='word_1_157' title='bbox 2280 2258 2387 2311; x_wconf 79' lang='lat'><strong>880</strong></span> 
     </span>
     <span class='ocr_line' id='line_1_25' title="bbox 357 2341 1502 2413; baseline -0.001 -18"><span class='ocrx_word' id='word_1_158' title='bbox 357 2341 510 2397; x_wconf 82' lang='lat' dir='ltr'><strong>Silva</strong></span> <span class='ocrx_word' id='word_1_159' title='bbox 531 2344 640 2399; x_wconf 85' lang='lat' dir='ltr'><strong>fuit</strong></span> <span class='ocrx_word' id='word_1_160' title='bbox 662 2344 773 2398; x_wconf 86' lang='lat' dir='ltr'><strong>late</strong></span> <span class='ocrx_word' id='word_1_161' title='bbox 799 2345 980 2399; x_wconf 88' lang='lat' dir='ltr'><strong>dumis</strong></span> <span class='ocrx_word' id='word_1_162' title='bbox 1005 2348 1172 2413; x_wconf 83' lang='lat' dir='ltr'><strong>atque</strong></span> <span class='ocrx_word' id='word_1_163' title='bbox 1193 2344 1320 2397; x_wconf 81' lang='lat' dir='ltr'><strong>ilice</strong></span> <span class='ocrx_word' id='word_1_164' title='bbox 1343 2342 1502 2409; x_wconf 76' lang='lat' dir='ltr'><strong>nigra</strong></span> 
     </span>
     <span class='ocr_line' id='line_1_26' title="bbox 355 2426 1863 2499; baseline -0.001 -18"><span class='ocrx_word' id='word_1_165' title='bbox 355 2427 613 2497; x_wconf 79' lang='lat' dir='ltr'><strong>Horrida,</strong></span> <span class='ocrx_word' id='word_1_166' title='bbox 640 2446 806 2499; x_wconf 86' lang='lat' dir='ltr'><strong>quam</strong></span> <span class='ocrx_word' id='word_1_167' title='bbox 833 2430 992 2485; x_wconf 81' lang='lat' dir='ltr'><strong>densi</strong></span> <span class='ocrx_word' id='word_1_168' title='bbox 1015 2428 1361 2498; x_wconf 82' lang='lat' dir='ltr'><strong>complerant</strong></span> <span class='ocrx_word' id='word_1_169' title='bbox 1384 2426 1627 2495; x_wconf 89' lang='lat' dir='ltr'><strong>undique</strong></span> <span class='ocrx_word' id='word_1_170' title='bbox 1650 2430 1863 2498; x_wconf 60' lang='lat' dir='ltr'><strong>senten</strong></span> 
     </span>
     <span class='ocr_line' id='line_1_27' title="bbox 353 2512 1719 2585; baseline -0.001 -16"><span class='ocrx_word' id='word_1_171' title='bbox 353 2512 504 2571; x_wconf 84' lang='lat' dir='ltr'><strong>Rara</strong></span> <span class='ocrx_word' id='word_1_172' title='bbox 523 2532 626 2585; x_wconf 86' lang='lat' dir='ltr'><strong>per</strong></span> <span class='ocrx_word' id='word_1_173' title='bbox 651 2516 898 2571; x_wconf 87' lang='lat' dir='ltr'><strong>occultos</strong></span> <span class='ocrx_word' id='word_1_174' title='bbox 924 2516 1146 2571; x_wconf 86' lang='lat' dir='ltr'><strong>lucebat</strong></span> <span class='ocrx_word' id='word_1_175' title='bbox 1169 2515 1366 2570; x_wconf 86' lang='lat' dir='ltr'><strong>semita</strong></span> <span class='ocrx_word' id='word_1_176' title='bbox 1388 2513 1571 2569; x_wconf 85' lang='lat' dir='ltr'><strong>calles.</strong></span> <span class='ocrx_word' id='word_1_177' title='bbox 1608 2527 1615 2537; x_wconf 87' lang='grc'>’</span> <span class='ocrx_word' id='word_1_178' title='bbox 1666 2525 1673 2535; x_wconf 89' lang='grc'><strong>’</strong></span> <span class='ocrx_word' id='word_1_179' title='bbox 1714 2529 1719 2537; x_wconf 91' lang='grc'>·</span> 
     </span>
     <span class='ocr_line' id='line_1_28' title="bbox 349 2597 1833 2671; baseline -0.002 -15"><span class='ocrx_word' id='word_1_180' title='bbox 349 2601 654 2671; x_wconf 79' lang='lat' dir='ltr'><strong>Euryalum</strong></span> <span class='ocrx_word' id='word_1_181' title='bbox 677 2602 940 2658; x_wconf 83' lang='lat' dir='ltr'><strong>tenebrae</strong></span> <span class='ocrx_word' id='word_1_182' title='bbox 962 2618 1238 2657; x_wconf 86' lang='lat' dir='ltr'><strong>ramorum</strong></span> <span class='ocrx_word' id='word_1_183' title='bbox 1265 2614 1605 2669; x_wconf 81' lang='lat' dir='ltr'><strong>onerosaque</strong></span> <span class='ocrx_word' id='word_1_184' title='bbox 1628 2597 1833 2669; x_wconf 83' lang='lat' dir='ltr'><strong>praeda</strong></span> 
     </span>
     <span class='ocr_line' id='line_1_29' title="bbox 349 2688 2379 2767; baseline 0 -25"><span class='ocrx_word' id='word_1_185' title='bbox 349 2688 682 2759; x_wconf 85' lang='lat' dir='ltr'><strong>Impediunt,</strong></span> <span class='ocrx_word' id='word_1_186' title='bbox 711 2689 966 2759; x_wconf 77' lang='lat' dir='ltr'><strong>fallitque</strong></span> <span class='ocrx_word' id='word_1_187' title='bbox 990 2690 1161 2745; x_wconf 88' lang='lat' dir='ltr'><strong>timor</strong></span> <span class='ocrx_word' id='word_1_188' title='bbox 1283 2690 1411 2744; x_wconf 86' lang='lat' dir='ltr'><strong>’one</strong></span> <span class='ocrx_word' id='word_1_189' title='bbox 1430 2688 1673 2767; x_wconf 59' lang='lat' dir='ltr'><strong>viarum,</strong></span> <span class='ocrx_word' id='word_1_190' title='bbox 2275 2691 2379 2743; x_wconf 78' lang='lat'><strong>885</strong></span> 
     </span>
     <span class='ocr_line' id='line_1_30' title="bbox 349 2700 1771 2860; baseline -0.001 -31"><span class='ocrx_word' id='word_1_191' title='bbox 349 2774 518 2831; x_wconf 81' lang='lat' dir='ltr'><strong>Nisus</strong></span> <span class='ocrx_word' id='word_1_192' title='bbox 542 2776 696 2860; x_wconf 61' lang='lat' dir='ltr'><strong>abitj</strong></span> <span class='ocrx_word' id='word_1_193' title='bbox 729 2776 954 2846; x_wconf 83' lang='lat' dir='ltr'><strong>iamque</strong></span> <span class='ocrx_word' id='word_1_194' title='bbox 979 2700 1298 2845; x_wconf 57' lang='lat' dir='ltr'><strong>impruffi</strong></span> <span class='ocrx_word' id='word_1_195' title='bbox 1321 2780 1573 2831; x_wconf 81' lang='lat' dir='ltr'><strong>evaserat</strong></span> <span class='ocrx_word' id='word_1_196' title='bbox 1594 2774 1771 2830; x_wconf 80' lang='lat' dir='ltr'><strong>hostis</strong></span> 
     </span>
     <span class='ocr_line' id='line_1_31' title="bbox 351 2860 1711 2932; baseline 0 -15"><span class='ocrx_word' id='word_1_197' title='bbox 351 2860 536 2931; x_wconf 81' lang='lat' dir='ltr'><strong>Atque</strong></span> <span class='ocrx_word' id='word_1_198' title='bbox 559 2861 722 2931; x_wconf 66' lang='lat' dir='ltr'><strong>locos,</strong></span> <span class='ocrx_word' id='word_1_199' title='bbox 753 2863 846 2932; x_wconf 87' lang='lat' dir='ltr'><strong>qui</strong></span> <span class='ocrx_word' id='word_1_200' title='bbox 871 2868 1000 2932; x_wconf 86' lang='lat' dir='ltr'><strong>post</strong></span> <span class='ocrx_word' id='word_1_201' title='bbox 1024 2862 1208 2919; x_wconf 82' lang='lat' dir='ltr'><strong>Albae</strong></span> <span class='ocrx_word' id='word_1_202' title='bbox 1229 2862 1302 2918; x_wconf 86' lang='lat' dir='ltr'><strong>de</strong></span> <span class='ocrx_word' id='word_1_203' title='bbox 1323 2861 1548 2917; x_wconf 89' lang='lat' dir='ltr'><strong>nomine</strong></span> <span class='ocrx_word' id='word_1_204' title='bbox 1573 2862 1711 2917; x_wconf 85' lang='lat' dir='ltr'><strong>dieti</strong></span> 
     </span>
     <span class='ocr_line' id='line_1_32' title="bbox 346 2947 1835 3007; baseline 0.001 -6"><span class='ocrx_word' id='word_1_205' title='bbox 346 2947 744 3004; x_wconf 83' lang='lat' dir='ltr'><strong>Albani—tum</strong></span> <span class='ocrx_word' id='word_1_206' title='bbox 770 2964 868 3003; x_wconf 85' lang='lat' dir='ltr'><strong>rex</strong></span> <span class='ocrx_word' id='word_1_207' title='bbox 895 2949 1115 3005; x_wconf 84' lang='lat' dir='ltr'><strong>stabula</strong></span> <span class='ocrx_word' id='word_1_208' title='bbox 1135 2950 1252 3007; x_wconf 81' lang='lat' dir='ltr'><strong>alta</strong></span> <span class='ocrx_word' id='word_1_209' title='bbox 1271 2948 1503 3005; x_wconf 79' lang='lat' dir='ltr'><strong>Latinus</strong></span> <span class='ocrx_word' id='word_1_210' title='bbox 1524 2948 1835 3005; x_wconf 87' lang='lat' dir='ltr'><strong>babebat-</strong></span> 
     </span>
     <span class='ocr_line' id='line_1_33' title="bbox 347 3032 1787 3105; baseline 0.001 -17"><span class='ocrx_word' id='word_1_211' title='bbox 347 3032 424 3088; x_wconf 89' lang='lat' dir='ltr'><strong>Ut</strong></span> <span class='ocrx_word' id='word_1_212' title='bbox 447 3036 618 3105; x_wconf 86' lang='lat' dir='ltr'><strong>stetit,</strong></span> <span class='ocrx_word' id='word_1_213' title='bbox 647 3040 703 3090; x_wconf 87' lang='lat' dir='ltr'><strong>et</strong></span> <span class='ocrx_word' id='word_1_214' title='bbox 725 3036 932 3091; x_wconf 81' lang='lat' dir='ltr'><strong>frustra</strong></span> <span class='ocrx_word' id='word_1_215' title='bbox 957 3036 1238 3091; x_wconf 87' lang='lat' dir='ltr'><strong>absentem</strong></span> <span class='ocrx_word' id='word_1_216' title='bbox 1263 3035 1511 3105; x_wconf 86' lang='lat' dir='ltr'><strong>respexit</strong></span> <span class='ocrx_word' id='word_1_217' title='bbox 1532 3036 1787 3090; x_wconf 86' lang='lat' dir='ltr'><strong>amicum.</strong></span> 
     </span>
    </p>

    <p class='ocr_par' dir='ltr' id='par_1_5' title="bbox 343 3102 2375 3543">
     <span class='ocr_line' id='line_1_34' title="bbox 351 3102 2375 3193; baseline 0.002 -18.071"><span class='ocrx_word' id='word_1_218' title='bbox 351 3122 640 3191; x_wconf 77' lang='lat' dir='ltr'><strong>‘Euryale</strong></span> <span class='ocrx_word' id='word_1_219' title='bbox 663 3122 878 3191; x_wconf 68' lang='lat' dir='ltr'><strong>infelix,</strong></span> <span class='ocrx_word' id='word_1_220' title='bbox 911 3102 1020 3193; x_wconf 81' lang='lat' dir='ltr'><strong>qu‘a</strong></span> <span class='ocrx_word' id='word_1_221' title='bbox 1039 3128 1100 3178; x_wconf 86' lang='lat' dir='ltr'><strong>te</strong></span> <span class='ocrx_word' id='word_1_222' title='bbox 1123 3124 1347 3193; x_wconf 77' lang='lat' dir='ltr'><strong>regione</strong></span> <span class='ocrx_word' id='word_1_223' title='bbox 1370 3122 1602 3192; x_wconf 72' lang='lat' dir='ltr'><strong>reliqui?</strong></span> <span class='ocrx_word' id='word_1_224' title='bbox 2271 3128 2375 3179; x_wconf 80' lang='lat'><strong>890</strong></span> 
     </span>
     <span class='ocr_line' id='line_1_35' title="bbox 345 3208 1979 3281; baseline 0.001 -19"><span class='ocrx_word' id='word_1_225' title='bbox 345 3210 538 3274; x_wconf 84' lang='lat' dir='ltr'><strong>Quave</strong></span> <span class='ocrx_word' id='word_1_226' title='bbox 561 3227 776 3280; x_wconf 74' lang='lat' dir='ltr'><strong>sequar,</strong></span> <span class='ocrx_word' id='word_1_227' title='bbox 803 3227 992 3265; x_wconf 88' lang='lat' dir='ltr'><strong>rursus</strong></span> <span class='ocrx_word' id='word_1_228' title='bbox 1015 3228 1116 3281; x_wconf 82' lang='lat' dir='ltr'><strong>per</strong></span> <span class='ocrx_word' id='word_1_229' title='bbox 1118 3210 1342 3281; x_wconf 83' lang='lat' dir='ltr'><strong>plexum</strong></span> <span class='ocrx_word' id='word_1_230' title='bbox 1365 3210 1475 3265; x_wconf 88' lang='lat' dir='ltr'><strong>iter</strong></span> <span class='ocrx_word' id='word_1_231' title='bbox 1498 3226 1663 3265; x_wconf 89' lang='lat' dir='ltr'><strong>omne</strong></span> <span class='ocrx_word' id='word_1_232' title='bbox 1686 3208 1979 3266; x_wconf 81' lang='lat' dir='ltr'><strong>revolvens</strong></span> 
     </span>
     <span class='ocr_line' id='line_1_36' title="bbox 343 3294 1621 3366; baseline 0.002 -17"><span class='ocrx_word' id='word_1_233' title='bbox 343 3294 574 3351; x_wconf 79' lang='lat' dir='ltr'><strong>Fallacia</strong></span> <span class='ocrx_word' id='word_1_234' title='bbox 599 3298 860 3353; x_wconf 52' lang='lat' dir='ltr'><strong>silvaew</strong></span> <span class='ocrx_word' id='word_1_235' title='bbox 935 3298 1109 3353; x_wconf 85' lang='lat' dir='ltr'><strong>Simul</strong></span> <span class='ocrx_word' id='word_1_236' title='bbox 1133 3304 1192 3353; x_wconf 92' lang='lat' dir='ltr'><strong>et</strong></span> <span class='ocrx_word' id='word_1_237' title='bbox 1213 3298 1448 3366; x_wconf 81' lang='lat' dir='ltr'><strong>vestigia</strong></span> <span class='ocrx_word' id='word_1_238' title='bbox 1468 3303 1621 3352; x_wconf 85' lang='lat' dir='ltr'><strong>retro</strong></span> 
     </span>
     <span class='ocr_line' id='line_1_37' title="bbox 343 3356 1651 3455; baseline 0.003 -20"><span class='ocrx_word' id='word_1_239' title='bbox 343 3382 652 3439; x_wconf 86' lang='lat' dir='ltr'><strong>Observata</strong></span> <span class='ocrx_word' id='word_1_240' title='bbox 673 3356 844 3454; x_wconf 76' lang='lat' dir='ltr'><strong>legit,</strong></span> <span class='ocrx_word' id='word_1_241' title='bbox 856 3369 1146 3455; x_wconf 84' lang='lat' dir='ltr'><strong>dumisque</strong></span> <span class='ocrx_word' id='word_1_242' title='bbox 1171 3384 1463 3440; x_wconf 82' lang='lat' dir='ltr'><strong>silentibus</strong></span> <span class='ocrx_word' id='word_1_243' title='bbox 1484 3390 1651 3439; x_wconf 85' lang='lat' dir='ltr'><strong>errat.</strong></span> 
     </span>
     <span class='ocr_line' id='line_1_38' title="bbox 343 3468 1819 3543; baseline 0.005 -21"><span class='ocrx_word' id='word_1_244' title='bbox 343 3468 518 3524; x_wconf 88' lang='lat' dir='ltr'><strong>Audit</strong></span> <span class='ocrx_word' id='word_1_245' title='bbox 543 3487 727 3541; x_wconf 86' lang='lat' dir='ltr'><strong>equos,</strong></span> <span class='ocrx_word' id='word_1_246' title='bbox 756 3472 908 3527; x_wconf 80' lang='lat' dir='ltr'><strong>audit</strong></span> <span class='ocrx_word' id='word_1_247' title='bbox 931 3473 1194 3543; x_wconf 86' lang='lat' dir='ltr'><strong>strepitus</strong></span> <span class='ocrx_word' id='word_1_248' title='bbox 1218 3478 1276 3528; x_wconf 85' lang='lat' dir='ltr'><strong>et</strong></span> <span class='ocrx_word' id='word_1_249' title='bbox 1299 3474 1456 3542; x_wconf 76' lang='lat' dir='ltr'><strong>signa</strong></span> <span class='ocrx_word' id='word_1_250' title='bbox 1478 3476 1819 3542; x_wconf 73' lang='lat' dir='ltr'><strong>sequentum.</strong></span> 
     </span>
    </p>
   </div>
  </div>
 </body>
</html>
