2725 3892
1013 179 1290 232 VERGILI
1333 179 1665 234 animnos
1704 181 1745 234 1.

361 341 542 412 Exuit,
572 349 630 398 et
651 359 840 414 gressu
863 341 1108 412 gaudens
1128 343 1338 398 incedit
1362 341 1485 398 Iuli.

358 430 440 485 At
463 429 656 485 Venus
680 430 924 485 Ascanio
949 429 1220 500 placidam
1243 446 1346 498 per
1370 431 1619 486 membra
1643 432 1883 502 quietem

355 516 582 586 Inrigat,
612 521 670 570 et
691 517 870 570 fotum
897 516 1110 586 gremio
1133 517 1236 571 dea
1257 516 1409 571 tollit
1429 517 1487 570 in
1512 516 1655 571 altos

355 601 561 656 Idaliae
585 602 754 670 lucos,
783 602 878 657 ubi
901 603 1084 656 mollis
1107 618 1393 657 amaracus
1414 602 1571 656 illum

355 687 608 744 Floribus
631 695 688 743 et
713 689 860 743 dulci
885 691 1133 758 aspirans
1159 679 1545 759 complectitur
1566 691 1777 746 umbra.

425 775 651 845 Iamque
675 775 796 830 ibat
817 775 968 830 dieto
997 789 1194 852 parens
1220 782 1276 830 et
1302 775 1453 829 dona
1478 775 1696 846 Cupido
1756 753 1769 817 ‘-

356 861 530 932 Regia
554 863 812 932 portabat
838 861 1030 930 Tyriis,
1060 862 1200 916 duce
1225 861 1401 916 laetus
1424 861 1659 918 Achate.
1764 892 1775 905 .

355 947 496 1002 Cum
521 948 692 1016 venit,
720 949 927 1004 aulaeis
949 950 1058 1002 iam
1083 964 1146 1002 se
1165 949 1360 1018 regina
1382 950 1631 1018 superbis

353 1034 543 1090 Aurea
557 1035 869 1105 composuit
891 1035 1105 1105 sponda
1127 1035 1473 1105 mediamque
1496 1035 1735 1103 locavit3

353 1119 471 1176 Iam
495 1126 656 1191 pater
678 1121 901 1176 Aeneas
925 1127 983 1176 et
1005 1122 1118 1176 iam
1141 1121 1382 1176 Troiana
1404 1124 1661 1177 iuventus

353 1207 724 1274 Conveniunt,
749 1213 1032 1278 stratoque
1057 1225 1224 1279 super
1247 1209 1610 1264 discumbitur
1634 1215 1801 1267 ostro.

352 1293 504 1348 Dant
529 1294 719 1349 famuli
744 1295 998 1350 manibus
1021 1294 1291 1365 lymphas,
1321 1295 1688 1366 Cereremque
1710 1298 1967 1353 canistris

352 1379 688 1450 Expediunt,
721 1381 1003 1452 tonsisque
1029 1382 1216 1436 ferunt
1237 1381 1503 1436 mantelia
1524 1382 1682 1438 villis.

353 1467 768 1538 Quinquaginta
789 1468 938 1522 intus
961 1467 1214 1536 famulae,
1243 1469 1439 1538 quibus
1466 1468 1659 1524 ordine
1682 1469 1851 1540 longo

351 1553 502 1610 Cura
523 1569 728 1624 penum
759 1563 988 1623 struere,
1017 1559 1072 1608 et
1095 1553 1330 1608 flammis
1355 1553 1573 1609 adolere
1598 1555 1853 1624 Penatis3

351 1639 590 1694 Centum
615 1639 756 1694 aliae
781 1639 1124 1712 totidemque
1148 1659 1310 1712 pares
1333 1648 1515 1698 aetate
1540 1643 1794 1712 ministri,

357 1729 466 1795 Qui
491 1729 724 1799 dapibus
748 1747 962 1786 mensas
986 1735 1219 1785 onerent
1243 1735 1301 1784 et
1323 1730 1525 1800 pocula
1546 1739 1776 1799 ponant.

355 1814 474 1870 Nec
495 1832 609 1870 non
635 1822 694 1872 et
717 1815 868 1886 Tyrii
892 1833 992 1887 per
1014 1817 1206 1871 limina
1229 1816 1379 1871 laeta
1400 1817 1718 1886 trequentes

350 1905 687 1977 Convenere,
715 1907 852 1962 toris
875 1905 1004 1961 iussi
1027 1904 1371 1962 discumbere
1395 1906 1572 1976 pictis.

347 1991 622 2048 Mirantur
645 1993 794 2048 dona
819 1993 1056 2062 Aeneae,
1085 1993 1357 2048 mirantur
1382 1992 1563 2047 Iulum

347 2077 761 2151 Flagrantisque
787 2079 876 2135 dei
900 2081 1084 2136 voltus
1111 2080 1475 2152 simulataque
1500 2082 1684 2150 verba,

345 2164 663 2236 Pallamque
687 2171 744 2221 et
769 2169 978 2236 pictum
1005 2183 1200 2222 croceo
1224 2168 1473 2224 velamen
1502 2168 1752 2224 acantho.

321 2251 648 2323 ‚Praecipue
671 2253 877 2324 infelix,
907 2255 1048 2324 pesti
1073 2255 1276 2332 devota
1293 2257 1532 2322 futurae,

277 2357 284 2371 ·
345 2337 572 2408 Expiet-i
595 2346 838 2395 mentem
863 2341 1058 2411 nequit
1083 2341 1428 2412 ardescitque
1452 2341 1660 2398 tuendo

345 2425 664 2496 Phoenissa,
696 2433 754 2481 et
777 2428 982 2495 pariter
1008 2445 1179 2498 puero
1203 2428 1471 2498 donisque
1494 2435 1767 2483 movetur.

346 2511 447 2566 Ille
473 2512 568 2567 ubi
593 2513 884 2584 complexu
910 2514 1135 2569 Aeneae
1161 2513 1415 2582 colloque
1446 2513 1715 2583 pependit

345 2597 420 2653 Et
443 2616 698 2670 magnum
726 2601 854 2656 falsi
879 2601 1130 2670 implevit
1155 2599 1425 2668 genitoris
1449 2615 1709 2666 amorem,

346 2685 613 2762 Reginam
639 2689 798 2757 petit.
875 2685 1024 2742 Haec
1051 2686 1240 2751 oculis,
1269 2685 1409 2742 haec
1432 2691 1657 2755 pectore
1678 2689 1803 2739 toto

346 2771 568 2842 Haeret,
597 2779 656 2828 et
677 2771 956 2828 interdum
981 2773 1193 2844 gremio
1217 2773 1386 2840 fovet,
1409 2771 1582 2825 inscia
1603 2769 1766 2837 Dido,

346 2857 588 2914 Insideat
609 2865 847 2930 quantus
869 2859 1104 2914 miserae
1127 2857 1278 2913 deus.
1357 2859 1437 2912 At
1460 2871 1675 2910 memor
1698 2855 1793 2909 ille
1880 2862 1887 2872 ·

345 2945 539 3000 Matris
562 2945 842 3001 Acidaliae
865 2943 1130 3015 paulatim
1157 2943 1378 2998 abolere
1402 2943 1709 3010 Sychaeum

349 3031 562 3101 Incipit,
591 3037 648 3086 et
671 3033 804 3086 vivo
826 3037 1064 3100 temptat
1085 3035 1437 3100 praevertere
1461 3045 1649 3084 amore

347 3117 461 3172 Iam
487 3117 703 3188 pridem
725 3116 934 3172 resides
959 3115 1171 3170 animos
1197 3115 1533 3184 desuetaque
1558 3115 1741 3170 corda.

415 3203 714 3274 Postquam
739 3203 919 3271 prima
943 3201 1097 3272 quies
1121 3201 1310 3271 epulis,
1337 3217 1667 3271 mensaeque
1692 3207 1955 3268 remotae,

347 3291 601 3346 Crateras
625 3305 850 3357 magnos
873 3294 1127 3344 statuunt
1150 3295 1208 3343 et
1234 3289 1363 3344 vina
1388 3295 1673 3344 coronant.

349 3375 436 3430 Fit
461 3375 721 3444 strepitus
741 3374 923 3442 tectis,
951 3391 1254 3444 vocemque
1275 3391 1379 3444 per
1402 3375 1583 3444 ampla
1606 3375 1865 3432 volutant

345 3461 536 3527 Atria3
577 3459 894 3528 dependent
916 3460 1106 3529 lychni
1129 3460 1483 3531 laquearibus
1506 3462 1686 3516 aureis

1834 788 1847 806 ⁸
1878 785 1894 816 ἱ

2288 349 2395 402 600

2286 781 2389 834 695

2282 1213 2388 1272 ’ἴθῦ

2280 1645 2385 1703 '105

2276 2079 2385 2137 ‘110

2278 2513 2383 2570 '715

2276 2945 2384 2999 720

2276 3375 2381 3432 '125
