2725 3892
937 183 1214 236 VERGILI
1247 184 1585 238 animnos
1629 183 1695 236 V.

301 342 574 414 Declarat,
605 345 878 414 viridique
903 344 1124 400 advelat
1147 351 1403 414 tempora
1422 345 1581 400 lauro
1600 363 1615 412 ς

297 429 635 500 Muneraque
659 433 718 485 in
743 432 902 486 navis
927 439 1116 486 ternos
1140 437 1334 500 optare
1359 431 1627 488 iuvencos

299 515 555 586 Vinaque
581 525 638 572 et.
661 519 874 584 argenti
901 534 1162 586 magnum
1188 518 1288 572 dat
1311 519 1455 572 ferre
1480 519 1769 574 talentum.

297 603 438 672 Ipsis
461 604 786 673 praecipuos
811 605 1134 658 ductoribus
1159 605 1314 660 addit
1341 605 1607 660 honores:

298 689 520 744 Victori
545 690 892 758 chlamydem
918 697 1183 758 auratam,
1213 706 1379 759 quam
1404 691 1639 760 plurima
1662 692 1872 747 circum

295 776 550 844 Purpura
575 775 878 832 Maeandro
901 777 1107 846 duplici
1139 776 1412 832 Meliboea
1436 779 1695 846 cucurrit,

297 862 656 931 Intextusque
681 880 818 932 puer
842 863 1108 918 frondosa
1131 864 1312 930 regius
1335 863 1440 920 Ida

297 948 521 1003 Velocis
543 949 720 1003 iaculo
748 965 940 1003 cervos
967 964 1240 1018 cursuque
1269 950 1485 1019 fatigat,

296 1035 462 1102 Acer,
491 1035 772 1090 anhelanti
799 1035 1008 1104 similis,
1037 1051 1200 1105 quem
1225 1052 1459 1105 praepes
1482 1039 1551 1092 ab
1574 1037 1678 1092 Ida

295 1121 598 1176 Sublimem
622 1123 855 1192 pedibus
881 1123 1066 1192 rapuit
1089 1122 1240 1178 Iovis
1265 1125 1503 1192 armiger
1528 1125 1713 1193 uncis;

295 1208 575 1278 Longaevi
601 1209 811 1279 palmas
835 1209 1172 1278 nequiquam
1195 1209 1264 1264 ad
1291 1210 1476 1265 sidera
1497 1210 1734 1265 tendunt

295 1296 580 1362 Custodes,
609 1297 890 1366 saevitque
916 1313 1116 1352 canum
1139 1296 1373 1352 latratus
1396 1297 1456 1350 in
1482 1313 1659 1352 auras.

295 1383 376 1436 At
401 1383 494 1452 qui
519 1383 718 1437 deinde
742 1383 928 1438 locum
955 1383 1136 1438 tenuit
1161 1383 1371 1438 virtute
1394 1383 1711 1452 secundum,

295 1469 536 1524 Levibus
559 1470 688 1524 huic
713 1470 892 1524 hamis
919 1476 1230 1524 consertam
1257 1487 1501 1538 auroque
1524 1471 1763 1526 trilicem

295 1556 562 1625 Loricam,
593 1573 756 1626 quam
781 1555 1048 1610 Demoleo
1075 1557 1393 1612 detraxerat
1416 1556 1534 1625 ipse

296 1642 497 1697 Victor
522 1643 668 1712 apud
694 1643 945 1712 rapidum
971 1643 1257 1698 Simoenta
1279 1644 1383 1698 sub
1410 1643 1513 1698 Ilio
1536 1644 1669 1714 alto,

267 1777 274 1784 .
295 1729 483 1786 Donat
506 1729 710 1784 habere
737 1729 870 1796 viro,
899 1729 1068 1784 decus
1091 1735 1150 1784 et
1171 1734 1423 1784 tutamen
1446 1731 1507 1784 in
1532 1731 1713 1786 armis.

297 1819 411 1872 Vix
435 1821 585 1873 illam
612 1821 807 1874 famuli
832 1821 1084 1890 Phegeus
1108 1821 1435 1890 Sagarisque
1458 1822 1710 1876 ferebant

295 1905 676 1976 Multiplicem,
705 1908 889 1961 conixi
913 1909 1152 1975 umeris;
1191 1907 1421 1962 indutus
1445 1913 1503 1962 at
1530 1907 1665 1962 olim

295 1991 590 2046 Demoleos
613 2011 775 2048 cursu
800 1994 1038 2064 palantis
1062 1994 1232 2050 Troas
1256 1996 1469 2063 agebat.

297 2077 480 2134 Tertia
504 2079 650 2133 dona
672 2080 807 2134 facit
831 2083 1078 2148 geminos
1101 2098 1170 2136 ex
1197 2099 1322 2138 aere
1345 2083 1568 2152 lebetas,

297 2165 640 2234 cymbiaque
667 2172 898 2235 argento
927 2169 1172 2236 perfecta
1197 2174 1362 2238 atque
1386 2186 1587 2239 aspera
1608 2169 1793 2239 signis.

297 2251 520 2320 Iamque
545 2253 684 2307 adeo
709 2253 900 2308 donati
927 2271 1118 2310 omnes
1145 2256 1449 2325 opibusque
1476 2255 1699 2326 superbi

295 2337 552 2392 Puniceis
577 2339 734 2392 ibant
759 2341 963 2394 evincti
989 2347 1244 2410 tempora
1267 2345 1482 2412 taeniiS,

298 2423 438 2477 Cum
465 2441 630 2479 saevo
655 2443 686 2478 e
713 2428 938 2496 scopulo
963 2427 1140 2482 multa
1161 2429 1256 2480 vix
1281 2436 1403 2484 arte
1426 2430 1691 2499 revulsus,

297 2512 532 2566 Amissis
557 2514 722 2566 remis
747 2519 913 2582 atque
941 2513 1136 2568 ordine
1163 2513 1360 2568 debilis
1385 2533 1513 2584 un0,

296 2597 528 2654 Inrisam
555 2599 674 2654 sine
695 2599 908 2655 honore
933 2609 1108 2654 ratem
1135 2599 1431 2668 Sergestus
1452 2605 1666 2671 agebat.

297 2685 489 2751 Qualis
511 2703 676 2756 saepe
701 2688 822 2740 viae
847 2687 1150 2755 deprensus
1175 2687 1236 2740 in
1259 2703 1461 2756 aggere
1482 2705 1725 2760 serpena

296 2772 480 2826 Aerea
505 2789 665 2842 quem
690 2773 978 2842 obliquum
1003 2779 1130 2828 rota
1149 2774 1387 2842 transiit,
1417 2780 1516 2829 aut
1546 2777 1733 2845 gravis
1754 2778 1871 2832 ictu

296 2859 637 2913 Seminecem
661 2858 826 2928 liquit
850 2875 984 2914 saxo
1010 2859 1363 2929 lacerumque
1388 2861 1585 2930 viator,

295 2945 642 3015 Nequiquam
666 2945 861 3014 longos
885 2946 1104 3015 fugiens
1127 2945 1226 3001 dat
1249 2963 1483 3015 corpore
1506 2954 1702 3019 tortus,

295 3031 460 3086 Parte
484 3032 655 3099 ferox,
686 3031 994 3100 ardensque
1017 3033 1205 3102 oculis,
1233 3039 1292 3088 et
1313 3034 1475 3088 sibila
1498 3035 1642 3090 colla

295 3119 522 3172 Arduus
548 3117 837 3186 attollens3
879 3135 1008 3187 pars
1027 3119 1252 3174 volnere
1277 3120 1473 3175 clauda
1496 3126 1741 3176 retentat

295 3204 597 3258 Nixantem
623 3204 783 3258 nodis
807 3221 973 3274 seque
997 3206 1058 3260 in
1082 3222 1180 3260 sua
1201 3206 1453 3261 membra
1468 3207 1796 3276 plicantem:

293 3290 410 3344 Tali
435 3291 670 3360 remigio
697 3292 849 3345 navis
874 3309 932 3345 se
957 3293 1116 3347 tarda
1139 3294 1430 3362 movebat3

292 3375 439 3431 Vela
460 3378 592 3432 facit
616 3383 818 3447 tamen,
849 3383 906 3432 et
931 3379 1068 3434 velis
1091 3381 1241 3434 subit
1265 3381 1411 3435 ostia
1435 3380 1627 3450 plenis.

293 3460 604 3530 Sergestum
630 3464 849 3519 Aeneas
875 3467 1147 3535 promisso
1173 3483 1401 3522 munere
1426 3467 1617 3536 donat,

2228 1129 2330 1182 255

2228 1561 2331 1614 260

2224 1997 2329 2050 265

2223 2430 2329 2488 270

2224 2865 2329 2923 275

2222 3300 2329 3351 280
