2725 3892
927 230 1202 281 VERGm
1250 229 1581 282 AENEIDOS
1624 230 1763 281 vm.

324 392 482 449 Dixit
505 398 564 448 et
586 391 878 490 amplexus
893 392 1010 444 nati
1037 390 1314 457 Cytherea
1335 392 1561 459 petivit;

325 480 502 535 Arma
525 480 625 534 sub
652 458 883 533 adversa
903 477 1092 545 posuit
1113 477 1393 533 radiantia.
1416 494 1637 547 querou.

324 566 440 634 1110,
469 566 602 619 deae
626 565 788 619 donis
813 570 870 619 et
893 568 1054 619 tanto
1077 563 1256 619 laetus
1281 564 1511 633 honore,

323 652 548 721 Expleri
572 651 764 721 nequit
786 655 952 721 atque
975 650 1168 705 oculos
1193 666 1296 721 per
1318 650 1537 719 singula
1563 651 1753 719 volvit,

323 738 664 806 Miraturque
688 737 942 806 interque
965 754 1160 791 manus
1185 742 1242 791 et
1265 737 1527 793 branchia
1547 743 1735 791 versat

324 823 649 879 Terribilem
673 824 856 879 cristis
879 824 1090 893 galeam
1115 824 1471 897 flammasque
1494 829 1827 892 vomentem,

225 946 239 958 «
324 910 740 993 Ἐέιὶἒθτιιιιιᾳιιο
765 927 968 980 ensem,
974 902 1222 967 loricam
1247 926 1316 965 ex
1341 926 1469 965 aere
1494 911 1779 991 rigentem,

325 997 710 1069 Sanguineam,
741 1000 1040 1067 ingentem,
1071 997 1245 1085 qualis
1270 1010 1410 1053 eum
1422 984 1645 1053 caerula
1665 999 1845 1074 nubes

326 1084 470 1137 Solis
493 1084 792 1138 inardescit
815 1084 984 1138 radiis
1009 1064 1282 1153 longeque
1309 1084 1584 1155 refulget3

327 1170 465 1225 Tum
488 1170 626 1225 levis
649 1187 838 1225 ocreas
863 1171 1070 1227 eleotro
1097 1190 1342 1242 auroque
1368 1178 1609 1241 recocto,

327 1257 682 1326 Uestamque,
711 1262 768 1310 et
793 1257 956 1327 clipei
979 1274 1094 1313 non
1121 1260 1429 1315 enarrabile
1452 1266 1686 1315 textum.

250 1322 319 1362 f
327 1344 447 1398 Illic
471 1360 560 1398 res
584 1342 752 1397 Italas
777 1343 1267 1417 Romanorumque
1291 1332 1621 1417 triumphos,

328 1430 492 1485 Haud
516 1436 706 1484 vatum
731 1430 956 1499 ignarus
981 1435 1310 1512 venturique
1333 1435 1541 1489 inscius
1564 1435 1703 1501 aevi,

327 1516 557 1574 Fecerat
579 1516 934 1616 Ignipotens3
983 1518 1100 1575 illio
1123 1537 1296 1589 genus
1321 1522 1485 1578 omne
1509 1522 1731 1575 futura-e

329 1605 529 1684 Stirpis
553 1610 623 1663 ab
647 1580 909 1678 Ascanio,
939 1614 1290 1696 pugnataque
1313 1610 1375 1663 in
1400 1595 1595 1671 ordine
1618 1608 1779 1688 bella.

329 1692 560 1749 Fecerat
583 1700 642 1749 et
666 1695 832 1750 viridi
853 1697 1030 1751 fetam
1054 1678 1362 1749 Mavortis
1346 1712 1409 1751 ιιι
1432 1701 1595 1752 antro

328 1778 692 1836 Procubuisse
715 1782 932 1852 lupam.
982 1782 1232 1851 geminos
1255 1782 1389 1837 huie
1412 1782 1584 1843 ubera
1606 1782 1815 1837 circum

329 1866 546 1922 Ludere
570 1868 863 1937 pendentis
889 1885 1106 1939 pueros,
1134 1872 1191 1922 et
1213 1868 1459 1925 lambere
1482 1874 1720 1923 matrem

330 1955 675 2027 Impavidos3
718 1958 869 2013 illam
893 1956 1060 2011 tereti
1089 1954 1305 2010 cervice
1330 1942 1595 2019 reflexam

331 2044 575 2109 Mulcere
600 2046 857 2113 uitet-noe,
886 2049 945 2098 et
967 2058 1206 2113 corpora
1227 2042 1439 2113 fingere
1460 2042 1664 2112 lingua.

331 2129 452 2186 Neo
475 2133 664 2201 procul
691 2134 822 2187 hino
847 2131 1082 2185 Romam
1101 2136 1166 2185 'et
1189 2136 1378 2201 raptas
1402 2131 1521 2183 sine
1544 2146 1699 2183 more
1724 2129 1959 2183 Sabinas

335 2216 606 2295 Consessu
630 2236 844 2289 caveae,
874 2219 1091 2287 magnis
1116 2218 1469 2273 Circensibus
1494 2216 1647 2283 actis,

331 2304 660 2375 Addiderat,
689 2298 980 2375 subitoque
1007 2322 1216 2359 novum
1243 2320 1575 2373 consurg-ere
1600 2300 1801 2375 bellum

333 2390 644 2447 Romulidis
666 2392 934 2461 Tatioque
960 2391 1080 2445 seni
1109 2390 1451 2459 Curibusque
1474 2389 1697 2443 severis.

332 2481 470 2536 Post
491 2481 642 2536 idem
665 2482 812 2536 inter
835 2498 893 2536 se
918 2480 1100 2549 posito
1127 2476 1431 2532 certamine
1454 2490 1610 2547 reges

333 2568 555 2622 Armati
579 2562 727 2621 Iovis
751 2572 882 2621 ante
910 2582 1061 2621 aram
1089 2568 1420 2634 paterasque
1448 2564 1715 2629 tenentes

334 2654 571 2709 Stabant
594 2659 650 2708 et
675 2668 835 2708 caesa
857 2650 1162 2720 iungebant
1188 2648 1419 2703 foedera
1442 2661 1625 2716 porca.

333 2738 498 2795 Haud
523 2739 717 2809 procul
740 2738 870 2793 inde
895 2738 1035 2792 citae
1059 2734 1337 2791 Mettum
1319 2729 1383 2789 'm
1406 2726 1625 2794 diversa
1646 2730 1947 2801 quadrigae

334 2826 807 2881 Distulerant—-at
831 2830 894 2879 tu
919 2824 1097 2891 dietis,
1130 2822 1362 2890 Albane,
1395 2834 1649 2875 maneres
1664 2820 1753 2873 1-

335 2912 720 2983 Raptabatque
743 2912 852 2965 viri
877 2909 1156 2965 mendacis
1177 2910 1394 2983 viscera
1416 2906 1607 2962 Tullus

335 2998 444 3053 Per
469 3000 680 3067 silvam,
708 3004 764 3052 et
787 2998 961 3067 sparsi
983 2998 1250 3052 rorabant
1275 2995 1543 3064 sanguine
1569 3010 1809 3063 vepres„

336 3085 392 3141 N
393 3104 456 3141 eo
482 3102 591 3141 non
617 3084 976 3154 Tarquinium
1002 3084 1237 3139 eiectum
1263 3081 1553 3135 Porsenna
1576 3081 1802 3136 iubebat

345 3173 625 3244 Aoeipere,
651 3172 974 3242 ingentique
999 3171 1193 3226 urbem
1219 3156 1507 3224 obsidione
1531 3168 1849 3237 premebat;

338 3260 633 3317 Aeneadae
656 3260 713 3314 in
739 3260 944 3314 ferrum
971 3275 1072 3327 pro
1097 3258 1353 3311 libertate
1378 3255 1633 3311 ruebant.

337 3346 501 3400 Illum
525 3344 836 3415 indignanti
863 3344 1114 3411 similem,
1143 3344 1487 3413 similemque
1512 3342 1748 3397 minanti

337 3432 646 3502 Aspioeres,
673 3438 905 3501 pontem
929 3430 1160 3487 auderet
1183 3430 1312 3501 quia
1334 3428 1538 3485 vellere
1562 3428 1774 3496 Cocles,

335 3516 412 3571 Et
433 3516 661 3574 fluvium
687 3518 884 3575 vinclis
908 3518 1128 3574 innaret
1153 3516 1369 3573 Cloelia
1392 3516 1587 3586 ruptis.

2252 394 2353 444 615

2255 828 2357 878 620

2255 1262 2358 1311 625

2260 1698 2363 1747 680

2260 2128 2363 2181 685

2262 2562 2369 2615 640

2270 3430 2373 3483 660
