2725 3892
935 212 1211 265 VERGILI
1257 214 1515 265 ECLOGA
1558 214 1675 266 vn.

291 374 476 428 Ambo
502 374 764 429 florentes
787 374 1075 442 aetatibus,
1105 375 1354 430 Arcades
1377 378 1559 444 amb0‚
2234 433 2253 439 ,

290 460 365 514 Et
387 466 612 515 cantare
638 477 814 529 pares,
843 466 902 515 et
926 462 1258 531 respondere
1282 464 1483 531 parati.
2290 464 2329 521 5

291 546 416 603 Huc
440 548 593 616 mihi,
623 548 752 601 dum
777 553 1000 603 teneras
1021 550 1264 605 defendo
1287 567 1322 604 a
1343 552 1553 619 frigore
1578 556 1805 621 myrtos,

291 633 400 689 Vir
422 636 605 705 gregis
629 636 746 703 ipse
771 650 938 704 caper
961 635 1344 705 deerraverat3
1386 645 1549 707 atque
1576 656 1678 707 ego
1704 638 1985 708 Daphnim

291 723 540 791 Aspici0.
613 721 714 775 Ille
739 722 834 776 ubi
859 738 950 776 me
973 730 1170 778 contra
1195 724 1362 791 videt,
1396 726 1431 753 ‘⁴
1448 725 1617 779 Ocius
1634 724 1667 753 ”
1694 725 1875 794 inquit

295 810 329 839 “
345 810 468 864 Huc
493 808 639 877 ades,
669 825 704 863 o
731 808 1026 865 Meliboee!
1068 826 1234 879 caper
1259 811 1363 865 tibi
1389 811 1573 865 salvus
1597 817 1655 865 et
1679 811 1871 879 haedi,

289 894 377 964 Et,
408 896 452 948 si
479 895 609 965 quid
635 912 848 950 cessare
873 903 1047 965 poree,
1077 898 1358 965 requiesce
1384 898 1487 952 sub
1512 899 1723 953 umbra.
2261 904 2329 954 10

293 980 418 1037 Huc
441 982 544 1051 ipsi
569 987 764 1051 potum
790 984 1014 1039 venient
1037 1000 1138 1052 per
1163 990 1324 1053 prata
1347 986 1602 1051 iuvencit,

291 1068 398 1123 Hie
423 1069 616 1124 viridis
639 1076 831 1125 tenera
854 1072 1130 1139 praetexit
1157 1071 1465 1125 harundine
1490 1073 1639 1142 ripas

291 1156 542 1225 Mincius,
571 1174 710 1227 eque
735 1173 890 1211 sacra
911 1164 1176 1213 resonant
1199 1159 1457 1213 examina
1480 1158 1744 1228 quercu.’‘

293 1242 437 1309 Quid
460 1245 738 1299 facerem?
774 1260 952 1314 neque
977 1262 1080 1315 ego
1105 1246 1403 1316 fflcippen,
1428 1262 1611 1316 neque
1636 1246 1895 1314 Phyllida
1916 1247 2204 1317 habebam,

290 1329 562 1399 Depulsos
585 1347 620 1385 a
641 1330 786 1385 lacte
811 1330 959 1385 domi
987 1348 1127 1401 quae
1151 1332 1435 1388 clauderet
1460 1350 1659 1403 agnos3
2260 1336 2326 1387 15

293 1416 366 1470 Et
391 1423 667 1471 certamen
693 1422 830 1487 erat,
859 1417 1125 1485 Corydon
1149 1436 1276 1473 cum
1301 1419 1587 1489 Thyrside,
1614 1436 1895 1490 magnum.

293 1502 598 1558 Posthabui
621 1510 806 1558 tamen
833 1503 1054 1559 illorum
1078 1522 1201 1559 mea
1223 1506 1368 1561 seria
1391 1506 1539 1561 ludo.

295 1589 543 1644 Alternis
565 1591 736 1659 igitur
759 1591 1098 1646 contendere
1124 1593 1375 1647 versibus
1400 1594 1563 1647 ambo

295 1678 570 1747 Coepere;
611 1677 857 1731 alternos
881 1677 1072 1733 Musae
1095 1680 1411 1735 meminisse
1436 1680 1711 1735 volebant.

299 1764 412 1819 Hos
438 1763 714 1831 Corydon,
743 1763 870 1817 flios
892 1765 1174 1819 referebat
1197 1766 1252 1819 in
1281 1767 1477 1820 ordine
1500 1766 1741 1833 Thyrsis.
2256 1770 2325 1821 20

365 1850 502 1905 Oon.
543 1850 852 1919 Nymphae,
879 1858 1072 1905 noster
1097 1868 1268 1919 amor,
1295 1852 1661 1919 Libethrides,
1690 1857 1787 1907 aut
1809 1849 1946 1905 mihi
1970 1866 2211 1921 carmen,

297 1937 468 2002 Quale
493 1954 618 1992 meo
644 1937 844 2007 Codro,
875 1939 1492 2009 concedite--proxima
1514 1939 1725 1994 Phoebi

295 2024 566 2079 Versibus
587 2025 682 2080 ille
707 2027 1023 2095 facit—aut,
1053 2029 1099 2081 si
1123 2044 1240 2081 non
1265 2044 1557 2096 possumus
1582 2043 1788 2096 omnes,

299 2111 401 2166 Hic
425 2118 620 2180 arguta
643 2130 799 2168 sacra
823 2114 1088 2183 pendebit
1109 2114 1294 2169 fistula
1319 2114 1471 2183 pinu.

366 2196 506 2253 Tur.
544 2199 818 2269 Pastores,
846 2200 1052 2255 hedera
1079 2210 1418 2255 crescentem
1438 2208 1642 2257 ornate
1666 2207 1905 2271 poetam,
2258 2202 2325 2252 25

297 2286 556 2355 Arcades,
583 2287 796 2341 invidia
817 2292 1150 2355 rumpantur
1173 2287 1354 2341 utilia
1380 2288 1597 2355 Codro;

301 2372 428 2437 Aut,
458 2374 500 2426 si
529 2373 674 2427 ultra
697 2372 961 2443 placitum
987 2372 1244 2440 laudarit,
1273 2374 1505 2427 baccare
1528 2375 1773 2428 frontem

296 2458 530 2527 cingite,
561 2477 631 2513 ne
655 2459 770 2513 vati
795 2464 994 2513 noceat
1017 2458 1162 2511 mala
1185 2459 1375 2526 lingua
1396 2460 1605 2513 futuro.

366 2544 504 2599 Con.
543 2545 758 2600 Saetosi
783 2551 950 2614 caput
977 2544 1082 2599 hoc
1107 2546 1226 2611 apri
1251 2545 1373 2607 tibi,
1400 2544 1577 2612 Delia,
1606 2560 1809 2614 parvus

293 2631 366 2684 Et
390 2648 608 2687 ramosa
632 2631 811 2685 Micon
841 2630 1045 2685 vivacis
1069 2646 1278 2685 cornua
1301 2633 1469 2685 cervi.
2258 2635 2329 2687 80

296 2716 352 2770 Si
379 2718 664 2787 proprium
689 2717 796 2771 hoc
822 2716 1003 2785 fuerit,
1032 2716 1141 2770 levi
1167 2717 1238 2771 de
1263 2734 1539 2773 marmore
1562 2724 1685 2774 tota

293 2804 536 2859 Puniceo
561 2803 732 2857 stabis
755 2818 910 2857 suras
933 2802 1156 2858 evincta
1179 2805 1472 2861 cothurno.

363 2888 504 2943 Tur.
545 2888 734 2943 Sinum
761 2889 922 2944 lactis
947 2894 1004 2944 et
1027 2890 1167 2947 haee
1189 2898 1250 2947 te
1273 2892 1401 2962 liba,
1430 2894 1644 2965 Priape,
1674 2890 1969 2965 quotannis

293 2978 628 3046 Exspectare
651 2982 736 3031 sat
761 2984 872 3031 est:
913 2983 1101 3033 eustos
1127 2996 1186 3035 es
1209 2982 1467 3050 pauperis
1489 2982 1657 3037 horti.

293 3064 456 3118 Nunc
481 3068 540 3117 te
563 3079 932 3119 marmoreum
959 3082 1061 3134 pro
1085 3070 1338 3136 tempore
1363 3067 1622 3136 fecimus3
1662 3073 1722 3123 at
1744 3071 1823 3135 tu,
2261 3070 2329 3121 35

293 3151 350 3205 Si
376 3150 557 3205 fetura
578 3167 798 3220 gregem
828 3152 1181 3222 suppleverit,
1211 3170 1407 3207 aureus
1432 3158 1569 3207 este.

364 3238 499 3293 Con.
539 3236 748 3293 Nerine
775 3239 1020 3308 Galatea,
1049 3240 1247 3307 thymo
1269 3242 1411 3295 mihi
1436 3240 1647 3295 dulcior
1672 3238 1907 3309 Hyblae,

293 3324 594 3380 Candidior
618 3328 825 3394 cycnis,
855 3327 1062 3383 hedera
1083 3327 1385 3381 formosior
1410 3328 1551 3397 alba,

295 3412 435 3465 Cum
460 3413 700 3480 primum
723 3414 867 3483 pasti
893 3418 1148 3483 repetent
1170 3415 1493 3485 praesaepia
1514 3414 1677 3489 tauri,

293 3496 351 3549 Si
379 3514 486 3565 qua
507 3498 590 3553 tui
617 3498 930 3567 Corydonis
953 3499 1124 3555 habet
1147 3504 1206 3555 te
1229 3517 1377 3571 cura,
1406 3502 1613 3558 venito.
2258 3504 2335 3557 40
