2725 3892
963 223 1238 272 VERGILI
1284 221 1615 272 AENEIDOS
1660 220 1747 271 1v.

340 386 534 441 Testor
559 391 856 453 utrumque
881 383 1310 452 caput-celeris
1333 382 1593 436 mandata
1616 397 1715 451 per
1739 397 1901 436 auras

342 471 581 539 Detulit3
622 472 742 540 ipse
767 469 932 524 deum
955 471 1250 524 manifesto
1275 470 1334 523 in
1357 469 1565 522 lumine
1589 467 1703 522 vidi

341 557 648 612 Intrantem
673 572 876 626 murOS,
905 573 1208 625 vocemque
1230 556 1318 610 his
1342 556 1566 610 auribus
1589 555 1763 608 hausi.

342 643 544 698 Desine
569 659 766 713 meque
791 643 898 696 tuis
923 643 1218 697 incendere
1242 647 1407 712 teque
1432 641 1699 711 querelis:

341 731 555 785 Italiam
581 747 693 784 non
719 735 918 798 sponte
943 729 1200 798 sequor.”

410 817 563 871 Talia
585 817 858 871 dicentem
885 817 1206 870 iamdudum
1233 833 1425 870 aversa
1450 821 1653 880 tuetur,

343 905 464 958 Huc
489 905 618 958 illuc
645 903 872 957 volvens
896 902 1098 971 oculos,
1129 907 1419 971 totumque
1443 907 1695 971 pererrat

340 989 665 1045 Luminibus
687 991 887 1058 tacitis,
915 995 972 1043 et
995 990 1073 1043 sic
1098 1005 1330 1043 accensa
1353 991 1640 1058 profatur:

345 1080 378 1106 ‘⁸
393 1075 512 1131 Nec
537 1075 642 1130 tibi
664 1076 794 1130 diva
817 1093 1034 1145 parens,
1061 1075 1280 1144 generis
1305 1091 1405 1129 nec
1428 1075 1723 1132 Dardanus
1748 1083 1959 1146 auctor,

339 1163 588 1232 Perfide;
628 1162 722 1216 sed
748 1163 900 1216 duris
923 1164 1113 1232 genuit
1137 1171 1192 1218 te
1216 1164 1469 1218 cautibus
1492 1165 1727 1220 horrens

342 1251 630 1318 Caucasus,
659 1249 1058 1320 Hyrcanaeque
1080 1250 1376 1305 admorunt
1399 1253 1571 1306 ubera
1594 1253 1781 1321 tigres.

340 1337 484 1392 Nam
512 1336 643 1407 quid
667 1335 986 1392 dissimulo?
1026 1345 1122 1391 aut
1147 1355 1286 1408 quae
1310 1355 1399 1393 me
1426 1339 1497 1394 ad
1520 1339 1735 1395 maiora
1757 1342 2018 1395 reservo?

342 1423 490 1478 Num
515 1423 648 1478 fletu
671 1423 940 1492 ingemuit
963 1426 1190 1479 nostro?
1227 1441 1358 1480 num
1386 1426 1597 1481 lumina
1618 1427 1809 1481 flexiti

341 1510 488 1564 Num
513 1509 768 1564 lacrimas
791 1511 970 1564 victus
993 1510 1162 1581 dedit,
1191 1519 1288 1567 aut
1313 1513 1603 1568 miseratus
1626 1523 1905 1568 amantem
1933 1515 2053 1568 esti

343 1600 494 1665 Quae
519 1601 717 1670 quibus
742 1602 1084 1657 anteferam?
1146 1602 1262 1657 Iam
1289 1603 1397 1657 iam
1423 1618 1527 1655 nec
1550 1601 1793 1655 maxima
1818 1599 1969 1667 Iunc,

339 1685 458 1741 Nec
484 1687 775 1742 Saturnius
799 1688 939 1743 haec
962 1689 1134 1744 oculis
1157 1695 1314 1760 pater
1339 1687 1533 1758 aspicit
1558 1687 1762 1755 aequis.

341 1767 625 1844 Nusquam
649 1780 774 1830 tuta
797 1775 950 1830 fides.
1023 1776 1273 1831 Eiectum
1298 1775 1479 1843 litore,
1509 1779 1761 1842 egentem

339 1859 546 1931 Excepi
571 1867 628 1916 et
651 1862 808 1931 regni
833 1862 1059 1917 demens
1081 1863 1137 1916 in
1163 1871 1324 1932 parte
1347 1863 1558 1928 locavi3

341 1951 612 2005 Amissam
641 1951 887 2020 classem,
916 1951 1094 2005 socios
1124 1966 1157 2005 a
1177 1956 1360 2004 morte
1385 1949 1597 2004 reduxi.

339 2035 463 2090 Heu
488 2038 651 2092 furiis
675 2038 897 2092 incensa
919 2038 1098 2092 feror!
1175 2035 1342 2089 Nunc
1368 2051 1543 2103 augur
1566 2036 1787 2104 Apollo,

337 2119 502 2178 Nunc
527 2123 728 2192 Lyciae
754 2133 946 2192 sortes,
978 2139 1126 2176 nunc
1149 2127 1207 2176 et
1232 2123 1362 2175 love
1386 2121 1585 2174 missus
1608 2122 1677 2175 ab
1700 2123 1823 2190 ipso

337 2207 622 2279 Interpres
646 2210 829 2266 divom
853 2212 970 2266 fert
991 2208 1220 2264 horrida
1245 2210 1391 2262 iussa
1414 2225 1513 2277 per
1538 2224 1711 2262 auras.

337 2294 560 2351 Scilicet
583 2296 631 2351 is
655 2297 880 2366 Superis
903 2297 1064 2352 labor
1088 2301 1189 2364 est,
1215 2311 1282 2350 ea
1305 2311 1441 2349 cura
1466 2294 1681 2363 quietos

337 2382 628 2438 Sollicitat.
692 2383 886 2454 Neque
909 2391 966 2438 te
989 2389 1171 2451 tene0‚
1199 2399 1379 2452 neque
1404 2381 1553 2436 dicta
1575 2380 1770 2436 refello
1789 2401 1803 2448 ;

337 2469 380 2536 1,
407 2486 634 2539 sequere
661 2469 880 2524 Italiam
903 2471 1099 2538 ventis,
1127 2474 1254 2538 pete
1278 2485 1451 2536 regna
1470 2485 1573 2538 per
1596 2468 1790 2524 undas.

335 2556 510 2625 Spero
537 2556 792 2626 equidem
817 2556 1028 2624 mediis,
1055 2557 1100 2610 si
1127 2555 1258 2625 quid
1281 2556 1375 2625 pia
1398 2557 1629 2610 numina
1650 2567 1897 2624 possunt,

336 2641 615 2714 Supplicia
637 2643 936 2699 hausurum
963 2643 1220 2714 scopulis,
1249 2648 1308 2697 et
1331 2643 1555 2696 nomine
1578 2642 1727 2696 Dido

335 2729 510 2801 Saepe
533 2736 873 2786 vocaturum.
949 2729 1160 2800 Sequar
1185 2729 1318 2784 atris
1342 2731 1565 2798 ignibus
1590 2729 1801 2796 absens,

333 2815 422 2882 Et,
450 2835 576 2872 cum
599 2817 804 2888 frigida
828 2833 978 2871 mors
1001 2817 1186 2872 anima
1207 2816 1493 2871 seduxerit
1520 2821 1685 2884 artus,

336 2901 605 2959 Omnibus
629 2907 825 2960 umbra
845 2903 982 2958 locis
1007 2901 1192 2957 adero.
1266 2902 1455 2970 Dabis,
1482 2903 1751 2972 improbe,
1778 2919 2001 2972 poenas.

335 2989 591 3054 Audiam,
621 2997 676 3046 et
699 2991 836 3046 haec
859 2991 1040 3046 Manis
1063 2989 1251 3044 veniet
1275 2989 1416 3044 mihi
1438 2990 1589 3044 fama
1612 2990 1715 3045 sub
1738 2991 1934 3045 imos.”

337 3075 438 3130 His
461 3077 702 3131 medium
726 3077 886 3131 dictis
908 3093 1218 3132 sermonem
1244 3077 1538 3146 abrumpit,
1568 3083 1625 3131 et
1648 3093 1811 3132 auras

335 3163 521 3232 Aegra
543 3165 706 3232 fugit,
736 3180 901 3232 seque
925 3180 994 3217 ex
1021 3163 1196 3217 oculis
1219 3163 1423 3218 avertit
1448 3169 1505 3216 et
1531 3165 1732 3232 aufert,

334 3247 612 3318 Linquens
634 3248 811 3303 multa
833 3255 986 3304 metu
1011 3255 1360 3304 cunctantem
1386 3255 1444 3303 et
1470 3250 1645 3304 multa
1668 3257 1957 3319 parantem

335 3332 552 3390 Dicere.
627 3335 944 3404 Suscipiunt
969 3336 1219 3403 famulae,
1249 3337 1616 3406 conlapsaque
1639 3337 1891 3391 membra

335 3417 645 3477 Mai-mereo
669 3421 920 3476 referunt
941 3421 1190 3476 thalamo
1214 3422 1508 3490 stratisque
1532 3426 1826 3490 reponunt.

407 3509 487 3564 At
511 3511 633 3580 pius
659 3508 895 3577 Aeneas,
917 3523 1250 3578 quamquam
1272 3507 1449 3561 lenire
1472 3506 1754 3560 dolentem

2272 645 2377 696 860

2268 1081 2369 1131 365

2268 1517 2371 1570 370

2264 1951 2365 2006 875

2262 2387 2367 2438 880

2262 2820 2364 2874 385

2262 3251 2366 3300 890
