2725 3892
966 231 1242 284 vanem
1286 231 1617 283 nummos
1661 233 1751 282 VI.

344 395 465 452 Nec
481 412 616 452 vero
638 393 866 450 Alcides
889 397 1106 449 tantum
1132 393 1344 448 telluris
1370 393 1561 463 obivit,

343 482 556 538 Fixerit
578 482 892 552 aeripedem
920 497 1142 536 cervam
1167 481 1310 549 licet,
1341 487 1441 535 aut
1462 481 1797 548 Erymanthi

343 569 564 624 Pacarit
587 584 833 636 nemora,
865 572 924 622 et
946 567 1180 622 Lcmam
1207 567 1580 622 tremefecerit
1600 583 1759 635 arcug

342 654 480 725 Neo,
509 655 602 725 qui
625 655 930 740 pampineis
955 655 1171 708 victor'
1157 671 1286 722 iuga
1307 653 1484 708 flectit
1508 654 1753 722 habenis,

343 741 522 810 Liber,
551 758 718 810 agens
742 729 888 796 celso
913 739 966 794 N
969 755 1102 826 {sae
1125 740 1196 794 de
1221 739 1428 794 vertice
1454 739 1625 808 tigris.

343 827 420 882 Et
441 819 759 883 dubitamus
783 827 964 881 adhuc
991 827 1249 880 virtutem
1275 827 1575 880 extendere
1600 827 1771 895 factis,

343 915 464 970 Aut
485 919 668 970 metus
693 914 942 968 Ausonia
963 913 1225 982 prohibet
1251 913 1549 967 consistere
1573 915 1755 968 terra?

344 1001 480 1067 Quis
504 1002 697 1071 procul
719 1000 812 1056 ille
835 1006 1021 1055 autem
1045 999 1216 1054 ramis
1239 1000 1472 1068 insignis
1496 999 1675 1054 olivae

344 1087 514 1143 Sacra
535 1088 752 1142 ferens?
822 1086 1012 1142 Nosco
1037 1086 1206 1140 crinis
1229 1086 1535 1155 incanaque
1560 1088 1751 1141 menta

342 1173 513 1244 Regis
535 1174 788 1241 Romani,
817 1173 1050 1242 primam
1079 1173 1172 1242 qui
1199 1173 1417 1241 legibus
1439 1173 1632 1227 urbem

341 1260 635 1330 Fundabit,
667 1260 908 1315 Curibus
929 1260 1116 1330 parvis
1141 1265 1199 1314 et
1222 1275 1465 1329 paupere
1490 1265 1641 1315 terra

344 1345 544 1402 Missus
567 1348 628 1401 in
646 1346 936 1416 imperium
961 1362 1240 1415 magnum.
1283 1346 1296 1360 ⁸
1315 1346 1419 1400 Oui
1444 1346 1644 1402 deinde
1668 1345 1889 1416 subibit,

345 1436 476 1493 Otia
498 1438 594 1507 qui
615 1443 838 1507 rumpet
861 1438 1074 1508 patriae
1095 1437 1409 1506 residesque
1430 1438 1678 1493 movebit

344 1523 534 1580 Tullus
557 1527 616 1579 in
641 1521 796 1580 arma
818 1525 970 1579 viros
993 1529 1051 1579 et
1075 1525 1186 1579 iam
1210 1524 1440 1584 desueta
1462 1526 1760 1595 triumphis

344 1610 604 1680 Agmina.
681 1611 860 1679 Quem
887 1612 1043 1684 iuxta
1065 1613 1314 1681 seqnitur
1337 1613 1631 1667 iactantior
1655 1613 1865 1684 Ancus,

345 1698 510 1756 Nunc
536 1716 751 1770 quoque
777 1701 887 1753 iam
909 1699 1140 1759 nimium
1167 1698 1413 1767 gaudens
1438 1692 1793 1768 popularibus
1818 1698 1979 1754 auris.

345 1786 449 1842 Vis
473 1793 532 1850 et
553 1787 883 1856 Tarquinios
907 1801 1080 1854 reges,
1111 1787 1461 1858 animamque
1485 1787 1778 1855 superbam

307 1873 560 1966 &Ultoris
583 1873 762 1955 Bruti,
793 1873 1075 1941 fascesque
1101 1871 1290 1928 videre
1312 1874 1605 1962 receptos?

307 1935 638 2016 Consulis
625 1945 915 2030 imperium
935 1955 1030 2013 hic
1053 1960 1262 2029 primus
1285 1976 1582 2029 saevasque
1604 1975 1825 2014 secures

344 2050 616 2123 Accipiet,
642 2055 911 2118 natosque
934 2055 1092 2118 pater
1116 2065 1264 2102 nova
1287 2047 1435 2102 bella
1456 2047 1729 2100 moventis

345 2135 436 2192 Ad
462 2153 698 2207 poenam
721 2136 953 2206 pulchra
975 2151 1080 2205 pro
1106 2134 1364 2188 libertate
1392 2133 1628 2202 vocabit,

343 2225 574 2280 Infelix!
651 2224 960 2294 Utcumque
982 2225 1166 2278 ferent
1190 2239 1258 2277 ea
1279 2223 1427 2278 facta
1450 2215 1706 2291 minores,

346 2312 554 2369 Vincet
577 2329 732 2368 amor
757 2314 968 2382 patriae
994 2311 1326 2381 laudumque
1353 2311 1625 2386 immense,
1646 2311 1863 2379 cupido.

346 2398 492 2467 Quin
514 2399 718 2454 Decios
740 2398 1062 2469 Drusosque
1085 2399 1278 2468 procul
1305 2415 1635 2468 saevumque
1660 2399 1838 2462 securi

346 2487 548 2555 Aspice
573 2483 910 2555 Torquatum
937 2491 994 2540 et
1017 2485 1349 2540 referentem
1374 2486 1531 2555 signa
1556 2485 1863 2540 Camillum.

345 2572 478 2628 lllae
501 2578 703 2640 autem,
729 2571 955 2641 paribus
980 2589 1114 2642 quas
1137 2573 1348 2642 fulgere
1372 2575 1551 2627 cernis
1570 2573 1631 2627 in
1656 2571 1837 2638 armis,

347 2659 664 2714 Concordes
685 2659 902 2714 animae
924 2675 1074 2714 nunc
1097 2664 1155 2714 et
1179 2659 1307 2713 dum
1335 2663 1501 2714 nocte
1524 2663 1868 2728 premuntur,

346 2744 470 2800 Heu
495 2752 760 2817 quantum
785 2742 934 2800 inter
957 2761 1016 2800 se
1041 2745 1262 2820 bellum,
1289 2748 1337 2800 si
1359 2746 1575 2804 lumina
1596 2736 1760 2800 vitae'

345 2821 668 2903 Attigerint,
697 2839 932 2903 quantas
957 2834 1102 2888 acies
1129 2839 1481 2903 stragemque
1505 2833 1765 2887 ciebunt!

346 2921 656 2989 Aggeribus
677 2936 834 2974 socer
860 2919 1078 2989 Alpinis
1103 2927 1268 2990 atque
1293 2935 1419 2974 arce
1440 2919 1693 2973 Monoeci

344 3004 710 3074 Descendens,
738 3023 908 3075 gener
932 3006 1179 3062 adversis
1201 3007 1503 3060 instructus
1526 3005 1675 3060 Eois.

345 3090 448 3161 Ne,
474 3093 648 3162 pueri,
677 3109 750 3148 ne
772 3097 930 3148 tanta
954 3093 1154 3147 animis
1181 3079 1487 3148 adsuescite
1510 3092 1669 3160 bella,

344 3177 470 3233 Neu
494 3180 710 3249 patriae
733 3179 942 3234 validas
966 3181 1025 3233 in
1047 3181 1261 3234 viscera
1283 3169 1483 3236 vertite
1509 3181 1671 3247 viris;

346 3263 536 3334 Tuque
560 3265 730 3335 prior,
757 3271 819 3319 tu
839 3279 1021 3334 parce,
1050 3281 1224 3334 genus
1249 3267 1340 3335 qui
1365 3266 1521 3322 ducis
1546 3267 1803 3336 Olympo,

345 3349 541 3406 Proice
564 3351 680 3406 tela
701 3367 887 3419 manu,
917 3352 1140 3419 sanguis
1163 3353 1351 3406 meus!

348 3435 448 3492 Ille
471 3436 818 3507 triumphata
843 3435 1122 3506 Capitolia
1145 3437 1216 3491 ad
1241 3437 1352 3492 alta
1381 3437 1653 3492 Corintho

347 3521 550 3578 Victor
567 3527 698 3593 aget
720 3538 957 3602 currum,
991 3521 1164 3577 caesis
1185 3522 1415 3589 insignis
1442 3522 1687 3575 Achivis.

2274 744 2379 794 805

2271 1176 2377 1226 810

2274 1615 2377 1666 815

2272 2049 2379 2100 820

2272 2484 2377 2536 825

2274 2917 2379 2969 830

2278 3347 2381 3399 885
