2725 3892
1019 208 1294 258 VERGILI
1335 205 1667 259 AENEIDOS
1710 209 1805 260 111.

441 371 755 426 Servatum
781 385 854 423 ex
880 367 1044 423 undis
1067 367 1443 437 Strophadum
1468 368 1747 423 melitera
1768 368 2009 438 primum
2085 375 2089 378 ’

383 456 721 526 Aooipiuntg
763 454 1106 525 Strophades
1131 455 1302 508 Graio
1323 461 1479 509 stant.
1502 455 1723 509 nomine
1748 455 1945 524 diotae,

377 541 606 598 Insulae
629 542 792 596 Ionio
816 541 878 594 in
901 531 1124 610 magno,
1147 557 1282 610 quas
1305 542 1429 595 dira
1452 542 1693 596 Celaeno

383 623 784 698 Harpyiaeque
809 627 999 682 colunt
1023 627 1175 696 aliae,
1204 627 1435 682 Phineia
1458 633 1753 697 postquam

387 713 594 768 Olausa
615 714 831 781 domus,
858 729 1182 782 mensasque
1207 719 1356 768 metu
1382 714 1593 784 liquere
1616 713 1843 782 priores.

389 799 626 854 Tristius
647 799 800 854 haud
823 799 934 852 illis
957 805 1278 868 monstrum,
1305 815 1411 854 neo
1434 800 1649 854 saevior
1672 799 1787 854 ulla

394 886 571 940 Pestis
596 890 654 941 et
677 887 762 940 ira
785 885 950 940 deum
975 885 1186 954 Stygiis
1211 901 1329 940 sese
1353 885 1557 940 extulit
1578 884 1758 940 undis.

398 973 650 1041 Virginei
676 972 962 1027 volucrum
987 971 1186 1040 voltus,
1213 970 1529 1026 foedissima
1550 970 1761 1026 ventris

393 1059 700 1128 Proluvies,
727 1074 1008 1128 uncaeque
1031 1073 1244 1125 manus,
1271 1062 1329 1111 et
1353 1057 1559 1126 pallida
1578 1072 1797 1126 semper

395 1146 512 1200 Ora
533 1146 694 1200 fame.

397 1233 520 1288 Hue
543 1233 639 1286 ubi
663 1232 828 1288 delati
852 1236 1048 1302 portus
1069 1231 1413 1300 intravimus,
1442 1248 1573 1287 eoee

395 1320 566 1374 Laeta
587 1319 754 1373 boum
779 1318 982 1388 passim
1009 1319 1218 1388 eampis
1243 1325 1495 1374 armenta
1518 1319 1769 1374 videmus

394 1405 869 1475 caprigenumque
893 1421 1060 1474 peous
1083 1405 1236 1460 nullo
1260 1406 1489 1460 custode
1516 1423 1615 1475 per
1638 1406 1853 1462 herbas.

395 1491 671 1546 Inruimus
693 1491 860 1559 ferro,
889 1496 949 1546 et
967 1491 1125 1546 divos
1145 1493 1439 1562 ipsumque
1462 1509 1727 1548 vocamus

393 1578 460 1633 Iu
483 1585 700 1648 partem
721 1577 1095 1648 praedamque
1117 1579 1336 1646 Iovem;
1376 1584 1494 1634 tum
1519 1579 1681 1634 litore
1704 1595 1875 1634 ourvo

392 1663 848 1734 Exstruimusque
871 1667 1026 1720 toros
1045 1665 1388 1735 dapibusque
1408 1665 1694 1734 epulamur
1716 1665 1931 1734 opimis.

395 1751 478 1806 At
501 1751 715 1806 subitae
739 1750 1000 1806 horrifico
1025 1751 1184 1822 lapsu
1207 1752 1278 1806 de
1301 1753 1587 1808 montibus
1610 1751 1813 1808 adsunt

395 1838 674 1908 Harpyiae
699 1845 758 1894 et
781 1839 998 1908 magnis
1023 1841 1278 1909 quatiunt
1301 1839 1651 1908 clangoribus
1674 1837 1807 1905 das,

391 1925 784 1997 Diripiuntque
811 1927 978 1997 dapes
1005 1931 1373 1995 oontaotuque
1398 1926 1587 1980 omnia
1610 1924 1839 1980 foedant

393 2011 719 2083 Immund03
759 2018 880 2068 tum
904 2023 1014 2068 vox
1037 2017 1278 2068 taetrum
1303 2011 1427 2065 dira
1449 2013 1597 2066 inter
1622 2010 1867 2064 odorem.

393 2098 638 2152 Rursum
659 2099 720 2153 in
743 2116 958 2155 secessu
983 2099 1154 2168 longo
1177 2097 1284 2152 sub·
1303 2113 1441 2166 rupe
1468 2102 1679 2162 cavata,

393 2183 710 2239 Arboribus
734 2185 900 2242 olausi
924 2187 1130 2241 eiroum
1157 2190 1324 2254 atque
1345 2183 1703 2238 horrentibus
1726 2183 1951 2252 umbris,

395 2269 726 2326 Instruimus
747 2261 964 2328 mensas
987 2273 1205 2343 arisque
1229 2269 1549 2340 reponimus
1572 2269 1789 2337 iguem:

391 2357 636 2412 Rursum
661 2374 729 2413 ex
753 2358 972 2414 diverso
996 2359 1132 2414 eseli
1155 2358 1441 2428 caecisque
1464 2356 1691 2411 latebris

391 2443 578 2500 Turba
600 2461 802 2500 sonans
823 2444 1084 2515 praedam
1109 2445 1344 2516 pedibus
1366 2443 1733 2498 eircumvolat
1755 2444 1925 2510 uncis,

391 2530 602 2586 Polluit
628 2549 724 2587 ore
747 2532 934 2602 dapes.
1007 2531 1184 2588 Sociis
1205 2537 1354 2600 tuno,
1382 2546 1537 2586 arma
1560 2533 1865 2600 capessant,

391 2617 583 2689 Edioo,
611 2623 668 2674 et
691 2619 813 2674 dira
837 2619 1042 2674 bellum
1067 2635 1192 2676 oum
1217 2625 1385 2688 gente
1408 2618 1727 2688 gerendum.

393 2703 558 2758 Haud
583 2721 740 2758 seous
764 2721 828 2759 ao
853 2703 987 2759 iussi
1009 2703 1238 2772 faciunt,
1268 2708 1555 2773 tentosque
1578 2719 1679 2772 per
1700 2701 1931 2758 herbam

393 2789 710 2861 Disponunt
733 2808 889 2846 enses
913 2794 972 2845 et
995 2795 1150 2846 souta
1171 2789 1407 2846 latentia
1430 2789 1699 2845 condunt.

391 2875 544 2946 Ergo
569 2878 662 2933 ubi
686 2877 940 2945 delapsae
965 2877 1208 2930 sonitum
1233 2893 1332 2944 per
1358 2892 1531 2932 ourva
1554 2875 1757 2932 dedere

391 2963 600 3033 Litora,
629 2963 724 3018 dat
747 2965 962 3032 signum
988 2962 1208 3031 specula
1233 2961 1477 3016 Misenus
1500 2962 1571 3017 ab
1596 2961 1709 3016 alta

393 3051 542 3105 Aere
567 3065 719 3104 eavo.
793 3048 1072 3103 Invadunt
1095 3048 1242 3116 socii,
1271 3052 1330 3102 et
1351 3063 1501 3102 nova
1522 3047 1735 3117 proelia
1756 3052 2051 3118 temptant,

393 3134 676 3198 Obscenae
697 3132 880 3204 pelagi
903 3133 1052 3186 ferro
1076 3131 1305 3186 foedare
1332 3132 1599 3186 volueres.

393 3219 502 3272 Sed
527 3236 704 3288 neque
729 3220 841 3273 vim
865 3218 1070 3288 plumis
1091 3217 1260 3274 ullam
1283 3234 1387 3272 neo
1408 3217 1637 3272 volnera
1659 3223 1817 3286 tergo

393 3305 710 3374 Aooipiunt‚
739 3304 1010 3373 celerique
1037 3305 1170 3371 fuga
1192 3303 1294 3358 sub
1317 3303 1500 3358 sidera
1520 3302 1709 3372 lapsae

393 3389 674 3445 Semesam
696 3389 960 3460 praedam
984 3394 1042 3444 et
1069 3389 1298 3457 vestigia
1321 3389 1484 3444 foeda
1508 3389 1845 3458 relinquunt-

395 3473 522 3532 Una
544 3477 602 3530 in
627 3475 908 3546 praecelsa
931 3474 1182 3530 consedit
1208 3491 1344 3544 rupe
1369 3473 1625 3540 Celaeno,

2323 457 2429 510 210

2324 887 2427 942 216

2324 1322 2427 1374 220

2320 1755 2427 1806 225

2320 2187 2425 2238 280

2319 2619 2423 2672 285

2321 3049 2426 3102 240
