2725 3892
1065 193 1339 246 VERGILI
1386 192 1715 246 AENEIDOS
1758 194 1797 246 1.

409 353 673 412 Aetheria
697 371 836 424 quos
858 353 1014 425 lapsa
1035 355 1196 425 plaga
1219 353 1369 410 Iovis
1392 355 1504 411 ales
1528 361 1724 425 aperto

403 439 684 496 Turbabat
707 441 892 511 caelo;
933 459 1079 497 nunc
1105 449 1282 497 terras
1306 443 1499 497 ordine
1523 441 1693 512 longo
2340 447 2441 502 395

400 527 521 581 Aut
545 543 740 596 capere
764 533 862 584 aut
885 535 1073 598 captas
1097 529 1208 583 iam
1234 528 1556 598 despectare
1584 528 1873 584 videntur:

403 611 482 668 Ut
505 613 732 668 reduces
759 614 840 668 illi
853 613 1064 692 ³ludunt
1089 615 1451 670 stridentibus
1475 615 1590 683 alis,

399 700 475 754 Et
498 706 658 755 coetu
683 701 904 756 cinxere
929 701 1134 770 polum,
1162 708 1468 770 cantusque
1492 701 1711 770 dedere,

399 785 565 842 Haud
589 785 748 841 aliter
770 803 1087 858 puppesque
1113 791 1240 842 tu'ae
1263 789 1547 858 pubesque
1570 793 1791 843 tuorum

399 873 519 928 Aut
542 879 762 942 portum
787 879 956 942 tenet,
983 880 1079 930 aut
1101 875 1266 944 pleno
1289 876 1439 930 subit
1464 875 1605 930 ostia
1629 875 1768 930 velo.
2334 881 2437 931 400

399 959 576 1028 Perge
599 959 782 1028 modo,
811 966 883 1030 et,
911 977 1021 1030 qua
1042 968 1100 1015 te
1123 961 1276 1016 ducit
1298 962 1405 1030 via,
1435 960 1621 1030 derige
1644 959 1945 1030 gressum.'’

233 1069 370 1098 aa...
469 1045 641 1114 Dixit,
669 1052 727 1100 et
752 1051 1008 1101 avertens
1031 1063 1192 1102 rosea
1215 1048 1427 1102 cervice
1452 1048 1541 1102 ref
1584 1107 1591 1112 ,
1628 1048 1687 1116 it,

399 1129 834 1200 Ambrosiasque
858 1147 1048 1186 comae
1073 1130 1322 1184 divinum
1354 1131 1557 1186 vertice
1584 1149 1618 1186 ο
1659 1148 1811 1186 orem

397 1214 702 1295 Spirayere,
730 1215 904 1286 pedes
875 1215 1098 1306 „Xssfftssfl
1121 1213 1354 1314 dqguxit
1382 1215 1451 1270 ad
1477 1217 1632 1285 imos,

397 1301 470 1354 Et
497 1316 625 1355 vera
647 1301 860 1355 incessu
886 1302 1066 1370 patuit
1091 1283 1208 1356 dea.
1287 1301 1388 1356 Ille
1415 1301 1507 1356 ubi
1546 1309 1777 1357 matrem
2328 1307 2431 1360 405

397 1387 658 1456 Agnovit,
687 1385 786 1441 tali
810 1387 1115 1456 fugientem
1143 1395 1226 1442 est
1249 1405 1384 1443 voce
1408 1397 1652 1444 secutus:

399 1477 435 1504 “
454 1474 601 1540 Quid
625 1480 818 1530 natum
842 1477 1062 1545 totiens,
1091 1477 1330 1532 crudelis
1353 1483 1417 1532 tu
1442 1493 1671 1547 quoque,
1698 1476 1853 1530 falsis

395 1560 564 1615 Ludis
586 1561 950 1631 imaginibus?
987 1579 1086 1618 cur
1110 1563 1339 1620 dextrae
1360 1563 1590 1633 iungere
1612 1563 1863 1617 dextram

395 1646 524 1702 Non
549 1647 713 1702 datur
735 1664 800 1703 ae
824 1665 982 1704 veras
1006 1649 1196 1704 audire
1221 1656 1278 1704 et
1300 1649 1531 1704 reddere
1554 1650 1756 1704 voces?
1779 1649 1811 1678 ‘’

395 1735 617 1789 Talibus
639 1735 871 1805 incusat,
899 1753 1254 1807 gressumque
1277 1735 1348 1791 ad
1374 1736 1597 1790 moenia
1618 1734 1815 1790 tendit.
2324 1739 2429 1792 410

395 1825 476 1877 At
505 1822 694 1879 Venus
719 1825 954 1878 obscuro
976 1822 1276 1892 gradientis
1303 1829 1429 1876 aere
1457 1823 1672 1890 saepsit,

391 1908 468 1964 Et
491 1909 668 1966 multo
692 1911 924 1966 nebulae
949 1911 1156 1966 circum
1183 1909 1287 1964 dea
1313 1907 1456 1962 fudit
1482 1909 1705 1978 amictu,

394 1997 632 2052 Cernere
657 2013 728 2052 ue
752 1999 875 2068 quis
897 2014 1006 2065 eos,
1035 2013 1144 2051 neu
1169 1996 1290 2066 quis
1315 1995 1635 2063 contingere
1660 2003 1863 2064 posset,

392 2081 648 2139 Molirive
673 2100 902 2152 moram,
933 2088 1029 2138 aut
1053 2081 1307 2138 veniendi
1335 2099 1563 2152 poscere
1588 2099 1794 2137 causas.

393 2169 519 2241 Ipsa
541 2171 794 2242 Paphum
823 2171 1071 2242 sublimis
1094 2171 1227 2236 abit,
1259 2169 1526 2240 sedesque
1552 2169 1744 2223 revisit
2324 2172 2426 2222 415

391 2257 564 2313 Laeta
585 2275 726 2326 suas,
754 2259 849 2312 ubi
873 2257 1142 2328 templum
1167 2257 1266 2326 illi,
1294 2263 1628 2326 centumque
1654 2245 1867 2310 Sabaeo

391 2343 536 2400 Ture
558 2345 741 2400 calent
763 2362 890 2402 arae
914 2345 1182 2414 sertisque
1205 2345 1521 2400 recentibus
1548 2344 1751 2398 halant.

341 2417 400 2494 ἦ
462 2431 793 2502 Corripuere
817 2432 962 2486 viam
987 2432 1214 2492 interea,
1243 2447 1352 2500 qua
1377 2431 1571 2485 semita
1593 2435 1881 2484 monstrat.

389 2515 618 2588 Iamque
643 2517 1014 2573 ascendebant
1037 2515 1250 2583 collem,
1281 2517 1374 2585 qui
1402 2514 1668 2584 plurimus
1693 2515 1817 2569 urbi

389 2603 650 2660 Imminet
673 2604 1038 2674 adversasque
1063 2609 1312 2673 aspectat
1335 2601 1573 2672 desuper
1596 2618 1762 2656 arces.
2320 2605 2427 2658 420

389 2691 623 2747 Miratur
645 2690 847 2746 molem
873 2691 1111 2760 Aeneas,
1139 2687 1377 2760 magalia
1402 2687 1694 2758 quondam,

389 2777 623 2834 Miratur
647 2784 834 2848 portas
857 2777 1258 2848 strepitumque
1283 2781 1342 2831 et
1366 2781 1542 2830 strata
1564 2776 1796 2830 viarum.

387 2863 604 2920 Instant
625 2863 881 2920 ardentes
905 2863 1072 2932 Tyrii,
1101 2880 1228 2933 pars
1253 2861 1455 2918 ducere
1481 2879 1667 2918 muros

387 2951 678 3023 Molirique
701 2967 882 3006 arcem
908 2955 966 3006 et
989 2950 1244 3006 manibus
1269 2949 1597 3004 subvolvere
1623 2966 1769 3018 saxa,

385 3038 522 3094 Pars
547 3044 738 3108 optare
763 3038 945 3092 locum
969 3043 1119 3092 tecto
1143 3044 1200 3092 et
1224 3035 1554 3092 concludere
1577 3036 1763 3104 sulco;
2319 3039 2423 3090 425

387 3123 515 3179 Iura
538 3126 1000 3194 magistratusque
1023 3124 1212 3192 legunt
1237 3129 1598 3193 sanctumque
1623 3129 1873 3176 senatum
1893 3139 1909 3190 3

388 3210 496 3265 Hie
519 3216 714 3280 portus
737 3211 830 3264 alii
855 3209 1160 3278 effodiunt3
1200 3211 1291 3264 hic
1317 3210 1429 3264 alta
1454 3209 1657 3263 theatri

389 3297 768 3352 Fundamenta
792 3298 978 3352 locant
1001 3297 1108 3364 alii,
1135 3293 1500 3364 immanisque
1526 3294 1810 3349 columnas

387 3383 636 3454 Rupibus
660 3385 936 3452 excidunt,
965 3385 1176 3438 scaenis
1200 3383 1404 3438 decora
1427 3381 1539 3436 alta
1562 3381 1782 3436 tuturis.

387 3469 576 3535 Qualis
599 3485 731 3539 apes
756 3474 964 3524 aestate
988 3484 1136 3523 nova
1159 3485 1258 3538 per
1283 3467 1457 3522 florea
1482 3482 1610 3520 rura
2316 3469 2425 3522 480
