2725 3892
969 204 1246 253 VERGILI
1289 202 1620 253 AENEIDOS
1662 204 1779 254 XII.

362 368 438 423 Te
463 384 661 437 penes;
701 366 760 421 in
783 372 842 421 te
865 367 1045 420 omnis
1071 366 1265 420 domus
1289 365 1553 439 inclinata
1576 366 1918 420 recumbit-

362 454 548 509 Unum
574 471 702 509 oro:
742 454 946 525 desiste
971 468 1196 507 manum
1221 454 1569 517 committere
1593 452 1833 521 Teucris.

361 542 470 607 Qui
497 547 553 595 te
577 556 810 609 cumque
834 544 1062 593 manent
1085 538 1193 593 isto
1219 536 1524 593 certamine
1547 555 1717 608 casus,

359 628 434 683 Et
458 644 563 697 me,
591 626 792 695 Turne,
820 633 1077 684 manent:
1119 624 1282 679 simul
1309 626 1447 679 haec
1470 626 1651 679 invisa
1674 624 1983 694 relinquam

361 714 610 781 Lumina,
637 728 740 767 nec
765 729 1027 781 generum
1053 712 1286 765 Aenean
1311 712 1543 785 captiva·
1558 711 1845 811 videbo-'3‘

361 802 598 869 Accepit
622 816 812 854 vocem
837 799 1078 853 lacrimis
1099 798 1332 853 Lavinia
1355 800 1549 853 matris

360 888 670 957 Flagrantis
693 886 920 955 perfusa
941 902 1127 955 genas,
1156 886 1246 941 cui
1267 886 1540 955 plurimus
1562 886 1746 957 ignem

362 974 606 1030 Subiecit
625 970 813 1041 rubor,
843 980 900 1027 et
923 973 1190 1027 calefacta
1211 990 1312 1043 per
1337 990 1436 1047 ora
1458 976 1717 1030 cucurrit.

361 1063 559 1119 Indum
587 1058 883 1130 sanguineo
911 1060 1082 1115 veluti
1106 1062 1397 1135 violaverit
1421 1068 1572 1117 ostro

361 1156 420 1209 Si
447 1153 567 1223 quis
592 1154 744 1221 ebur,
775 1158 872 1207 aut
895 1152 1071 1206 mixta
1095 1153 1298 1205 rubent
1321 1153 1418 1206 ubi
1441 1152 1555 1208 lilia
1577 1153 1755 1210 multa

362 1242 510 1298 Alba
533 1256 690 1294 rosa:
731 1239 859 1293 talis
883 1240 1038 1307 virgo
1063 1240 1229 1295 dabat
1255 1257 1350 1295 ore
1376 1241 1603 1296 colores.

362 1332 524 1388 Illum
549 1329 738 1383 turbat
765 1345 934 1396 amor,
963 1329 1194 1399 figitque
1217 1330 1274 1382 in
1303 1332 1517 1399 virgine
1540 1332 1738 1387 voltus.

362 1418 548 1483 Ardet„
565 1417 621 1469 in
647 1432 800 1471 arma
823 1417 1012 1485 magiS,
1044 1420 1338 1487 paucisque
1362 1418 1581 1473 adfatur
1604 1418 1897 1474 Amatam:

365 1510 398 1537 “
418 1506 522 1575 Ne,
552 1522 770 1576 quaese,
798 1522 870 1559 ne
895 1524 984 1560 me
1009 1506 1264 1577 lacrimis,
1291 1524 1435 1561 neve
1459 1508 1643 1562 omine
1665 1513 1825 1563 tanto

359 1594 697 1664 Prosequere
723 1595 782 1647 in
807 1594 931 1649 (luri
957 1596 1258 1650 certamina
1281 1596 1477 1650 Martis
1502 1602 1745 1666 euntem,

361 1684 409 1737 Ο
433 1690 642 1751 mater;
683 1700 864 1753 neque
889 1684 1036 1737 enim
1062 1684 1248 1739 Turno
1269 1700 1433 1737 mora
1454 1685 1631 1739 libera
1651 1685 1861 1740 mortis.

359 1771 602 1826 Nuntius
625 1772 776 1841 haec,
807 1771 1023 1843 Idmon,
1052 1772 1299 1841 Phrygio
1321 1787 1449 1827 mea
1472 1770 1623 1827 dicta
1642 1782 1885 1840 tyranno

361 1858 518 1914 Haud
551 1860 822 1929 placitura
846 1860 1025 1914 refer:
1065 1858 1210 1913 Oum
1234 1859 1475 1928 primum
1500 1858 1741 1913 crastina
1764 1858 1914 1913 caelo

358 1946 615 2001 Puniceis
638 1948 858 2001 invecta
881 1947 1018 2001 rotis
1043 1946 1266 2000 Aurora
1287 1946 1528 2013 rubebit,

359 2032 488 2087 Non
513 2034 754 2089 Teucros
778 2040 906 2103 agat
929 2036 984 2088 in
1012 2033 1281 2101 Rutulos3
1329 2032 1599 2086 Teucrum
1628 2048 1785 2087 arma
1808 2031 2105 2101 quieseant,

357 2120 430 2174 Et
455 2121 645 2175 Rutuli
665 2141 678 2187 ς
719 2128 910 2175 nostro
934 2121 1258 2175 dirimamus
1281 2119 1548 2187 sanguine
1572 2118 1777 2173 bellum
1798 2138 1813 2184 ς

354 2204 461 2274 Dio
488 2215 782 2278 quaeratur
807 2208 1046 2262 coniunx
1071 2207 1301 2261 Lavinia
1325 2205 1578 2276 camp0.''

379 2298 384 2312 ⁴
429 2292 582 2349 Haec
609 2294 704 2348 ubi
728 2290 878 2349 dicta
901 2294 1070 2363 dedit,
1099 2294 1433 2363 rapidusque
1456 2293 1516 2346 in
1540 2297 1689 2359 tecta
1713 2292 1956 2359 recessit,

355 2378 547 2435 Poscit
571 2398 758 2451 equos,
789 2380 1098 2450 gaudetque
1123 2386 1284 2435 tuens
1311 2388 1441 2435 ante
1466 2396 1567 2434 ora
1590 2378 1887 2445 frementis,

355 2466 613 2521 Pilumno
639 2484 778 2537 quos
801 2467 918 2536 ipsa
943 2467 1109 2522 decus
1133 2466 1286 2521 dedit
1312 2466 1584 2535 Orithyia,

357 2554 465 2619 Qui
490 2554 732 2609 candore
759 2556 916 2609 nives
942 2555 1232 2623 anteirent,
1263 2554 1512 2609 cursibus
1537 2568 1713 2607 auras.

358 2642 732 2696 Circumstant
753 2641 979 2711 properi
1003 2642 1226 2710 aurigae
1249 2640 1611 2709 manibusque
1633 2637 1912 2691 lacessunt

355 2727 592 2783 Pectora
615 2728 809 2798 plausa
833 2728 982 2782 cavis
1005 2734 1064 2782 et
1089 2724 1231 2782 colla
1255 2726 1535 2781 comantia
1556 2729 1802 2793 pectunt.

353 2813 480 2883 Ipse
504 2814 706 2870 dehinc
731 2832 868 2870 auro
891 2814 1229 2885 squalentem
1253 2812 1489 2882 alboque
1513 2808 1789 2877 orichalco

357 2900 676 2956 Circumdat
698 2901 928 2957 loricam
953 2900 1189 2966 umeris;
1230 2897 1395 2951 simul
1422 2901 1573 2966 aptat
1600 2894 1854 2951 habendo

355 2987 666 3058 Ensemque
690 2988 1036 3058 clipeumque
1061 2992 1117 3039 et
1141 2984 1339 3038 rubrae
1365 2998 1574 3037 cornua
1596 2983 1827 3049 oristae3

355 3072 572 3143 Ensem,
602 3090 763 3144 quem
788 3074 990 3128 Dauno
1013 3073 1328 3141 ignipotens
1351 3068 1487 3121 deus
1511 3070 1628 3139 ipse
1652 3070 1869 3138 parenti

355 3160 584 3215 Fecerat
606 3167 664 3214 et
689 3161 882 3228 Stygia
907 3158 1232 3213 candentem
1257 3156 1503 3211 tinxerat
1529 3156 1691 3210 unda.
1776 3190 1793 3207 .

353 3246 513 3307 Exin,
544 3264 682 3316 quae
703 3246 902 3301 mediis
926 3246 1136 3313 ingenti
1163 3243 1366 3297 adnixa
1392 3242 1682 3297 columnae

355 3334 604 3386 Aedibus
628 3332 858 3400 astabat,
885 3330 1122 3385 validam
1149 3330 1206 3383 vi
1233 3329 1461 3401 corripit
1484 3329 1717 3398 hastam,

355 3420 580 3472 Actoris
605 3418 857 3471 Aurunci
882 3418 1132 3487 spolium,
1163 3424 1493 3487 quassatque
1516 3422 1863 3485 trementem,

352 3502 721 3559 Vociferans:
769 3505 802 3533 “
820 3503 1000 3573 Nunc,
1031 3522 1065 3559 o
1089 3522 1391 3574 numquam
1418 3505 1680 3559 frustrata
1702 3510 1930 3559 vocatus

2326 456 2395 505 60

2324 1330 2395 1387 '10

2322 1768 2391 1827 ¹75

2322 2206 2394 2259 80

2318 3505 2387 3555 95
