2725 3892
952 192 1228 244 VERGILI
1273 192 1535 245 ECLOGA
1579 192 1722 245 vm.

390 354 591 409 Ducite
615 355 684 409 ab
709 354 848 408 urbe
872 354 1113 421 domum,
1141 370 1265 409 mea
1287 354 1547 422 carmina,
1574 353 1761 409 ducite
1784 354 2082 424 Daphnim.

320 440 498 497 Necte
519 441 700 495 tribus
723 442 885 496 nodis
909 448 1112 509 ternos,
1139 439 1428 507 Amat-yffi,
1458 439 1701 507 colores;

319 526 512 594 Necte,
543 527 828 595 Amat-yffi,
855 527 1037 596 mode,
1067 532 1126 581 et
1167 528 1182 556 ⁴
1201 526 1438 581 Veneris
1460 525 1473 553 ’
1502 524 1591 581 dic
1616 526 1866 581 ‘vincula
1889 526 2089 581 necto)

391 613 593 668 Ducite
618 614 688 668 ab
714 614 848 668 urbe
872 612 1115 683 domum,
1141 630 1267 668 mea
1287 613 1548 681 carmina,
1576 612 1763 667 ducite
1786 612 2082 682 Daphnim.

321 700 508 755 Limus
532 704 594 753 ut
617 700 709 754 hic
735 700 974 755 durescit
1000 708 1056 754 et
1080 700 1216 755 haec
1239 704 1303 753 ut
1327 716 1455 754 cera
1476 698 1731 769 liquescit

321 786 448 841 Uno
474 787 779 855 eodemque
803 786 934 855 igni,
961 786 1040 841 sic
1063 790 1258 840 nostro
1281 785 1535 855 Daphnis
1556 802 1759 841 amore.

319 872 526 942 Sparge
551 871 771 940 molam,
801 877 858 926 et
880 872 1092 941 fragilis
1115 871 1348 927 incende
1372 870 1643 926 bitumine
1666 871 1867 927 laurus.

319 957 571 1027 Daphnis
593 974 684 1011 me
707 956 885 1011 malus
907 958 1034 1023 urit,
1059 972 1162 1025 ego
1185 956 1331 1013 hanc
1355 957 1417 1011 in
1440 956 1735 1025 Daphnide
1762 956 1995 1013 laurum.

389 1043 592 1099 Ducite
617 1044 686 1099 ab
712 1044 848 1098 urbe
871 1042 1113 1110 domum,
1141 1059 1266 1098 mea
1289 1043 1551 1109 carmina,
1578 1043 1765 1098 ducite
1788 1042 2089 1113 Daphnim.

320 1130 467 1185 Talis
490 1147 647 1185 amor
670 1130 969 1199 Daphnim,
999 1129 1173 1200 qualis
1197 1146 1322 1184 cum
1347 1129 1493 1185 fessa
1516 1130 1809 1185 iuvencum

321 1216 428 1273 Per
451 1234 680 1272 nemora
705 1223 872 1287 atque
897 1217 1036 1272 altos
1061 1216 1375 1287 quaerendo
1414 1216 1615 1271 bucula
1635 1217 1789 1273 lucos

320 1304 559 1374 Propter
583 1321 756 1374 aquae
781 1304 960 1358 rivum
987 1304 1150 1359 viridi
1175 1304 1493 1373 procumbit
1518 1306 1579 1359 in
1604 1304 1747 1373 ulva,

320 1390 562 1461 Perdita,
591 1407 693 1445 nec
717 1406 872 1445 serae
896 1390 1146 1445 meminit
1172 1390 1439 1445 decedere
1460 1391 1629 1457 nocti,

319 1477 466 1532 Talis
489 1494 646 1531 amor
669 1481 874 1546 teneat,
901 1493 1006 1531 nec
1031 1477 1102 1531 eit
1123 1476 1262 1531 mihi
1287 1492 1422 1531 cura
1444 1476 1672 1531 mederi.

389 1562 590 1618 Ducite
615 1564 686 1619 ab
710 1565 848 1619 urbe
873 1564 1112 1633 domum,
1139 1579 1265 1617 mea
1287 1564 1551 1633 carmina,
1578 1563 1767 1619 ducite
1790 1563 2085 1633 Daphnim.

321 1649 438 1704 Has
461 1650 594 1705 olim
619 1651 844 1705 exuvias
868 1650 1004 1703 mihi
1027 1648 1267 1719 perfidus
1287 1648 1383 1703 ille
1406 1648 1643 1718 reliquit,

318 1737 562 1807 Pignora
585 1755 712 1793 cara
735 1739 849 1806 eui3
889 1754 1029 1807 quae
1052 1754 1200 1793 nunc
1225 1753 1328 1805 ego
1353 1736 1540 1791 limine
1564 1735 1625 1789 in
1648 1736 1782 1805 ipsc,

319 1824 502 1893 Terra,
530 1824 633 1879 tibi
657 1824 889 1891 mando;
929 1824 1134 1878 debent
1157 1824 1292 1879 haec
1317 1822 1551 1893 pignora
1572 1820 1867 1892 Daphnim.

389 1912 591 1967 Ducite
616 1912 686 1966 ab
709 1914 850 1967 urbe
872 1912 1116 1981 domum,
1141 1927 1265 1965 mea
1287 1910 1547 1980 carmina,
1574 1908 1760 1965 ducite
1782 1908 2079 1979 Daphnim.

321 1996 434 2053 Has
457 1999 658 2055 herbas
682 2006 846 2071 atque
868 1999 1004 2055 haec
1027 1999 1210 2053 Ponto
1233 1998 1371 2053 mihi
1396 1998 1539 2053 lecta
1562 2012 1777 2053 venena

319 2085 444 2155 Ipse
469 2088 619 2141 dedit
645 2086 876 2155 Moeris;
915 2090 1220 2142 nascuntur
1241 2084 1481 2155 plurima
1504 2084 1701 2141 Ponto,

319 2172 422 2225 His
447 2190 548 2243 ego
573 2191 736 2243 saepe
760 2174 948 2243 lupum
973 2172 1092 2227 fieri
1117 2178 1176 2227 et
1199 2188 1259 2226 se
1285 2170 1524 2229 condere
1548 2172 1699 2227 silvis

318 2258 568 2327 Moerim,
597 2276 760 2329 saepe
784 2260 993 2314 animas
1017 2260 1140 2313 imis
1163 2259 1350 2314 excire
1382 2260 1647 2328 sepulcris

317 2347 504 2415 Atque
529 2350 677 2400 satas
702 2346 809 2401 alio
833 2345 948 2398 vidi
972 2344 1265 2399 traducere
1289 2346 1500 2399 messis,

385 2432 586 2487 Ducite
611 2431 679 2486 ab
703 2432 841 2486 urbe
866 2431 1106 2496 domum,
1133 2447 1258 2485 mea
1281 2431 1543 2497 carmina,
1569 2429 1753 2485 ducite
1776 2428 2072 2499 Daphnim.

315 2518 422 2575 Fer
445 2520 674 2587 cineres,
701 2516 989 2587 Amarylli,
1016 2517 1184 2583 forae,
1213 2516 1443 2585 rivoque
1468 2514 1663 2571 fluenti

315 2606 597 2676 Traneque
620 2610 784 2675 caput
808 2606 941 2672 iace,
969 2620 1073 2659 nec
1097 2604 1423 2672 respexeris·
1500 2602 1605 2657 Hie
1628 2618 1731 2672 ego
1756 2601 2037 2671 Daphnim

315 2693 656 2763 Aggrediar3
695 2691 836 2746 nihil
858 2690 951 2745 ille
975 2690 1122 2759 deos,
1149 2689 1231 2744 nil
1253 2689 1501 2744 carmina
1522 2694 1697 2745 curat.

383 2780 586 2834 Ducite
611 2778 680 2833 ab
703 2779 840 2833 urbe
866 2777 1108 2845 domum,
1135 2792 1261 2831 mea
1283 2776 1543 2843 carmina,
1573 2776 1759 2831 ducite
1782 2773 2079 2845 Daphnim.

313 2866 535 2935 Aspice,
563 2865 832 2935 corripuit
853 2864 1109 2919 tremulis
1129 2863 1326 2919 altaria
1347 2862 1477 2917 flam
1484 2863 1585 2917 mis

313 2953 523 3023 Sponte
547 2968 659 3019 sua,
689 2952 816 3005 dum
843 2950 988 3005 ferre
1013 2967 1216 3015 moror,
1243 2950 1381 3004 cinis
1406 2951 1540 3019 ipse.
1582 2958 1591 2967 '
1614 2949 1833 3004 Bonum
1858 2948 1961 3003 sit!

313 3036 516 3093 Nescio
542 3038 672 3108 quid
698 3043 848 3092 certe
871 3042 969 3107 est,
997 3042 1056 3091 et
1079 3037 1264 3105 Hylax
1285 3038 1345 3090 in
1369 3036 1561 3091 limine
1592 3036 1775 3092 latrat.

313 3124 637 3180 Credimus?
677 3141 761 3194 an,
792 3124 884 3194 qui
909 3128 1114 3193 amant,
1141 3124 1246 3193 ipsi
1269 3123 1377 3177 sibi
1398 3124 1615 3179 somnia
1638 3123 1885 3193 fingunt?

381 3210 618 3281 Parcite,
645 3211 717 3266 ab
741 3210 878 3266 urbe
903 3211 1071 3279 venit,
1098 3211 1212 3264 iam
1237 3210 1463 3279 parcite,
1492 3210 1753 3279 carmina,
1784 3208 2093 3279 DaphniS.”

1125 3458 1520 3469 ———

2245 2347 2345 2401 100

2243 2780 2341 2833 105

2242 3212 2341 3264 110
