2725 3892
932 211 1208 265 vanam
1251 213 1582 267 ARNEIDOS
1626 215 1715 268 XI.

305 372 442 428 Alta
463 372 620 428 sedet
643 374 886 443 summis,
915 378 1236 445 spectatque
1261 376 1517 430 interrita
1540 392 1771 446 pugnas.

305 458 491 529 thue
515 460 708 529 procul
731 460 916 515 medio
939 461 1200 515 iuvenum
1223 462 1284 517 in
1307 462 1551 517 clamore
1574 463 1853 519 furentum

303 546 600 615 Prospexit
625 548 774 601 tristi
799 548 1088 603 multatam
1115 554 1296 604 morte
1322 549 1629 619 Camillam,
1812 556 1820 564 “

304 632 688 703 Ingemuitque
711 633 972 705 deditque
995 636 1098 691 has
1121 637 1234 690 imo
1257 642 1483 706 pectore
1507 653 1698 692 voces:
2240 642 2343 693 84⁰

309 722 346 749 ‘⁴
365 719 486 774 Heu
509 720 756 790 nimium,
789 721 961 791 virgo,
991 722 1222 775 nimium
1251 723 1473 777 crudele
1498 724 1651 778 luisti

306 806 660 877 Supplicium,
690 806 929 863 Teucros
953 814 1153 863 conata
1175 808 1445 863 lacessere
1468 810 1649 865 bello!

305 890 428 947 Nec
454 891 554 947 tibi
577 892 828 948 desertae
851 894 910 947 in
935 894 1116 949 dumis
1139 894 1375 951 coluisse
1402 896 1637 952 Dianam

307 979 539 1049 Profuit,
569 984 667 1035 aut
689 985 912 1035 nostras
931 997 1124 1035 umero
1149 982 1382 1050 gessisse
1406 984 1650 1051 sagittas.

307 1065 362 1119 N
365 1082 436 1119 on
461 1071 650 1121 tamen
673 1066 992 1122 indecorem
1015 1074 1114 1122 tua
1135 1073 1193 1122 te
1217 1069 1411 1136 regina
1436 1070 1659 1139 reliquit
2224 1076 2345 1134 ,8415

305 1152 571 1207 Extrema
593 1152 702 1207 iam
727 1153 784 1207 in
807 1159 1022 1223 mort03
1061 1170 1242 1224 neque
1265 1154 1373 1210 hoc
1397 1156 1516 1211 sine
1540 1158 1765 1211 nomine
1790 1158 1963 1212 letum

305 1239 414 1295 Per
435 1240 616 1309 gentis
640 1240 762 1309 erit,
791 1246 888 1295 aut
911 1242 1116 1297 famam
1142 1242 1373 1311 patieris
1395 1243 1619 1299 inultae.

307 1326 454 1381 Nam
478 1327 808 1398 quicumque
829 1332 988 1383 tuum
1015 1328 1246 1385 violavit
1271 1330 1497 1387 volnere
1522 1346 1738 1400 corpus,

307 1413 488 1467 Morte
511 1414 628 1468 luet
651 1414 906 1469 merita.”
981 1414 1112 1471 Fuit
1135 1417 1330 1486 ingens
1353 1425 1545 1473 monte
1570 1419 1673 1472 sub
1698 1418 1815 1473 alto

305 1500 472 1569 Regis
495 1500 772 1555 Dercenni
795 1507 1024 1555 terreno
1047 1520 1115 1557 ex
1139 1520 1338 1572 aggere
1363 1506 1581 1559 bustum
2240 1508 2347 1561 850

309 1586 547 1656 Antiqui
565 1586 870 1657 Laurentis,
901 1604 1178 1659 opacaque
1203 1590 1328 1647 ilice
1353 1598 1593 1647 testum:

305 1672 414 1727 Hic
437 1673 544 1727 dea
565 1690 625 1729 se
648 1674 888 1744 primum
915 1676 1108 1744 rapido
1135 1676 1505 1746 pulcherrima
1530 1680 1653 1733 nisu

307 1760 466 1815 Sistit
489 1766 546 1815 et
573 1760 876 1815 Arruntem
901 1762 1117 1817 tumulo
1142 1765 1454 1833 speculatur
1479 1766 1549 1821 ab
1574 1766 1705 1821 alt0.

309 1848 386 1902 Ut
411 1849 550 1903 vidit
571 1849 868 1905 laetantem
897 1850 1095 1905 animis
1120 1868 1183 1905 ac
1211 1868 1354 1906 vana
1376 1858 1703 1919 tumentem,

309 1934 474 1991 “Cur
489 1936 520 1964 ”
547 1936 728 2006 inquit
756 1938 790 1966 “
805 1936 1058 1991 diversus
1083 1937 1237 1991 abis?
1273 1936 1383 1992 huc
1407 1937 1597 2007 derige
1620 1956 1883 2007 gressum,
2238 1942 2343 1993 856

307 2022 432 2077 Huc
456 2023 700 2093 periture
724 2024 866 2093 veni,
897 2024 1082 2091 capias
1108 2029 1172 2077 ut
1195 2023 1362 2091 digna
1386 2024 1651 2079 Camillae

303 2108 574 2165 Praemia.
648 2108 802 2164 Tune
828 2108 996 2164 etiam
1020 2109 1146 2164 telis
1169 2110 1409 2165 moriere
1432 2110 1678 2165 Dianae?
1698 2111 1756 2151 ²¹-

301 2198 478 2268 Dixit,
508 2204 566 2255 et
589 2206 794 2255 aurata·
806 2199 1088 2255 volucrem
1113 2196 1371 2251 Threissa
1394 2197 1649 2265 sagittam

301 2284 662 2356 Deprompsit
686 2287 961 2357 pharetra,
989 2300 1271 2353 cornuque
1295 2282 1517 2337 infensa
1540 2284 1791 2376 tetendit,

303 2371 380 2427 Et
403 2372 565 2428 duxit
587 2372 766 2443 longe,
794 2372 974 2429 donee
997 2380 1230 2429 curvata
1255 2365 1521 2425 coirentfl
1590 2385 1599 2397 ·
1682 2384 1691 2397 ·
1724 2415 1731 2425 .
1872 2398 1884 2409 ·
2237 2374 2345 2425 860
2416 2371 2423 2377 ’

301 2458 462 2513 Inter
483 2476 543 2514 se
568 2461 770 2533 capita,
795 2466 854 2517 et
877 2458 1172 2515 manibus·
1155 2475 1268 2513 iam
1289 2462 1547 2527 tangeret
1572 2458 1775 2527 aequis,
1859 2482 1876 2494 =

303 2521 502 2601 Laeva'
513 2547 686 2603 aciem
711 2542 862 2617 ferri,
887 2546 1090 2603 dextra
1113 2562 1395 2615 nervoque
1418 2546 1727 2615 papillam.

303 2632 598 2703 Extemplo
621 2633 720 2688 teli
745 2633 1040 2689 stridorem
1065 2650 1334 2704 aurasque
1355 2634 1607 2687 sonantis

306 2718 505 2775 Audiit
528 2737 638 2776 una
661 2720 894 2789 Arruns,
922 2720 1250 2791 haesitque’
1235 2738 1293 2775 m
1321 2737 1555 2789 corpore
1578 2719 1807 2775 ferrum.

301 2804 470 2861 Illum
494 2808 867 2879 exspirantem
890 2809 1027 2865 socii
1052 2817 1218 2879 atque
1244 2815 1497 2863 extrema
1519 2816 1832 2876 gementem
2240 2808 2347 2867 8⁶6

303 2892 481 2948 Obliti
505 2895 696 2964 ignoto
721 2912 1042 2965 camporum
1064 2896 1124 2951 in
1150 2896 1377 2965 pulvere
1406 2896 1695 2965 linquunt3

303 2979 443 3050 Opis
465 2980 536 3035 ad
560 2980 866 3036 aetherium
888 2983 1088 3053 pennis
1111 2982 1364 3048 aufertur,
1388 2982 1710 3051 Olympum.

205 3092 242 3145 ,L
261 3100 278 3139 ¹·
289 3060 337 3119 4
373 3066 560 3121 Prima
581 3068 742 3137 fugit7
769 3068 996 3123 domina
1013 3070 1230 3138 amissa,
1257 3068 1397 3123 levis
1421 3068 1511 3123 ala
1534 3068 1799 3123 Camillae
1818 3086 1833 3134 ;

209 3153 232 3177 '¹
301 3152 536 3208 Turbati
560 3153 778 3223 fugiunt
799 3154 1010 3223 Rutuli,
1037 3154 1182 3223 fugit
1207 3171 1334 3209 acer
1361 3154 1577 3223 Atinas,

301 3238 644 3310 Disiectique
668 3240 836 3294 duces
860 3239 1204 3311 desolatique
1227 3240 1461 3310 manipli
2248 3238 2351 3293 870

302 3325 450 3380 Tuta
473 3332 684 3395 petunt,
715 3332 773 3380 et
795 3318 1152 3395 eqni-'ffirsi
1177 3328 1248 3383 ad
1271 3326 1497 3381 moenia
1518 3325 1777 3380 tendunt.

236 3410 426 3467 *Neo
450 3413 738 3482 quisquam
761 3412 1023 3467 instantis
1045 3412 1290 3467 Teucros
1313 3412 1597 3481 letumque
1620 3409 1855 3465 ferentis

305 3497 628 3553 Sustentare
655 3498 802 3552 valet
827 3497 972 3564 telis,
1001 3502 1100 3551 aut
1123 3498 1314 3551 sistere
1341 3502 1535 3551 contra
1558 3516 1571 3563 3

779 3590 850 3643 16
