2725 3892
973 227 1244 278 VERGILI
1289 227 1619 278 AENEIDOS
1662 227 1729 278 11.

328 387 454 444 Nec
475 388 659 444 dubiis
684 403 750 442 ea
773 387 931 457 signa
953 386 1106 442 dedit
1130 387 1381 442 Tritonia
1406 387 1683 441 monstris·

329 477 448 529 Vix
473 476 714 545 positum
738 474 932 529 castris
955 474 1338 528 simulacrum:
1380 490 1573 528 arsere.
1588 490 1849 529 coruscae

330 561 658 617 Luminibus
680 558 933 614 flammae
958 561 1204 630 arrectis,
1231 560 1511 630 salsusque
1534 577 1636 628 per
1660 565 1815 614 artus

333 647 516 702 Sudor
539 649 622 715 iit,
651 653 842 716 terque
865 645 986 716 ipsa
1009 644 1454 700 solo—mirabile
1481 646 1707 700 dictu-

333 734 592 803 Emicuit,
614 741 972 803 parmamque
994 749 1192 802 gerens
1216 732 1541 804 hastamque
1567 737 1915 788 trementem.

335 820 634 891 Extemplo
656 820 977 888 temptanda
998 819 1132 888 fuga
1155 821 1306 874 canit
1329 835 1573 890 aequora
1598 819 1847 888 Calchas,

337 907 459 962 Nec
481 923 640 977 posse
663 905 939 975 Argolicis
963 905 1210 960 exscindi
1236 904 1507 975 Pergama
1528 905 1671 974 telis,

337 994 542 1050 Omina
563 993 621 1047 ni
645 999 898 1063 repetant
921 979 1104 1062 Argis,
1131 1007 1447 1062 numenque
1472 991 1755 1062 reducant,

339 1081 500 1148 Quod
524 1081 720 1150 pelago
743 1087 800 1135 et
823 1080 1008 1136 curvis
1031 1097 1216 1136 seeum
1244 1096 1479 1135 avexere
1498 1080 1716 1136 carinis.

336 1168 414 1223 Et
436 1185 599 1236 nunc,
628 1166 776 1237 quod
799 1168 1009 1237 patrias
1030 1172 1198 1222 vento
1225 1168 1439 1236 petiere
1464 1165 1739 1236 Mycenas,

339 1255 514 1309 Arma
535 1253 776 1322 deosque
797 1257 996 1323 parant
1018 1253 1266 1322 comites,
1294 1253 1597 1324 pelagoque
1621 1269 1875 1308 remenso

337 1341 632 1412 Improvisi
657 1338 904 1395 aderunt.
977 1338 1068 1394 Ita
1089 1340 1287 1410 digerit
1310 1342 1501 1396 omina
1522 1339 1771 1396 Calchas.

338 1429 498 1486 Hanc
521 1446 624 1500 pro
649 1427 898 1483 Palladio
921 1427 1136 1498 moniti,
1163 1444 1266 1498 pro
1287 1428 1513 1482 numine
1536 1427 1686 1482 laeso

337 1516 586 1586 Effigiem
611 1519 870 1584 statuere,
897 1515 1054 1570 nefas
1077 1531 1216 1586 quae
1239 1515 1399 1570 triste
1423 1514 1619 1581 piaret.

340 1602 501 1658 Hanc
523 1608 712 1656 tamen
735 1601 1056 1656 immensam
1087 1600 1319 1658 Calchas
1346 1600 1599 1656 attollere
1622 1599 1827 1655 molem

341 1688 654 1746 Roboribus
677 1687 847 1743 textis
871 1687 1130 1759 caeloque
1156 1687 1390 1744 educere
1418 1683 1591 1757 iussit,

339 1774 428 1832 Ne
452 1775 620 1846 recipi
647 1775 840 1846 portis,
869 1781 966 1830 aut
989 1775 1116 1830 duci
1141 1775 1200 1828 in
1223 1775 1446 1829 moenia
1470 1775 1661 1844 pomit,
1710 1813 1713 1816 -

339 1861 464 1918 Neu
487 1861 754 1933 populum
777 1862 1004 1932 antiqua
1025 1862 1128 1917 sub
1155 1860 1416 1929 religione
1439 1861 1604 1916 tueri.

339 1949 484 2005 Nam
508 1949 554 2004 si
579 1956 764 2004 vestra
785 1965 982 2004 manus
1003 1947 1266 2004 violasset
1290 1948 1440 2004 dona
1461 1946 1761 2015 Minervae,

338 2035 474 2091 Tum
500 2051 760 2106 magnum
785 2034 1234 2104 exitium—quod
1259 2033 1316 2088 di
1340 2034 1495 2102 prius
1518 2050 1681 2087 omen
1704 2033 1763 2086 in
1786 2034 1967 2102 ipsum

339 2122 683 2178 Oonvertant
697 2121 994 2176 l—Priami
1017 2121 1252 2190 imperio
1275 2119 1697 2188 Phrygibusque
1718 2119 1997 2186 futurum;

339 2209 438 2264 Sin
462 2209 716 2266 manibus
739 2209 934 2264 vestris
957 2213 1198 2262 vestram
1221 2205 1557 2262 ascendisset
1580 2205 1639 2258 in
1664 2203 1871 2272 urbem,

338 2295 502 2352 Ultro
526 2296 716 2350 Asiam
743 2311 943 2365 magno
965 2293 1208 2364 Pelopea
1230 2292 1302 2348 ad
1325 2291 1545 2347 moenia
1570 2290 1713 2346 bello

322 2381 666 2466 gesturam,
695 2387 752 2436 et
775 2385 998 2436 nostros
1020 2397 1088 2436 ea
1109 2380 1226 2436 fata
1248 2393 1475 2434 manere
1495 2376 1782 2447 nepotes.”

409 2469 629 2526 Talibus
650 2470 864 2526 insidiis
885 2470 1201 2541 periurique
1228 2472 1350 2523 arte
1376 2465 1597 2520 Sinonis

337 2557 564 2614 Credita
585 2575 688 2628 res,
717 2559 974 2628 captique
998 2555 1142 2611 dolis
1165 2553 1512 2623 lacrimisque
1537 2550 1758 2619 coactis,

338 2643 492 2711 Quos
513 2661 690 2715 neque
714 2643 969 2714 Tydides,
997 2659 1101 2700 uec
1125 2643 1411 2698 Larisaeus
1436 2637 1701 2706 Achilles,

336 2729 467 2791 Non
489 2732 621 2788 anni
645 2731 910 2786 domuere
933 2729 1142 2799 desem,
1169 2745 1281 2786 non
1308 2725 1457 2782 mille
1480 2725 1716 2781 carinae.

407 2817 514 2874 Hic
538 2817 688 2872 aliud
709 2818 888 2872 maius
911 2815 1126 2872 miseris
1149 2815 1437 2884 multoque
1456 2811 1809 2868 tremendum

335 2903 591 2960 Obicitur
612 2905 800 2972 magis,
830 2909 996 2974 atque
1021 2901 1330 2972 improvida
1352 2905 1582 2970 pectora
1605 2897 1811 2952 turbat.

334 2989 608 3060 Laocoon,
635 2989 835 3045 ductus
857 2988 1122 3060 Neptuno
1147 2993 1298 3044 sorte
1321 2985 1593 3055 sacerdos

335 3077 628 3132 Sollemnis
651 3082 872 3132 taurum
899 3076 1176 3146 ingentem
1205 3073 1485 3129 mactabat
1511 3071 1581 3128 ad
1606 3087 1745 3128 aras.

333 3163 478 3220 Ecce
501 3169 686 3218 autem
712 3161 916 3232 gemini
941 3177 974 3217 a
997 3159 1222 3216 Tenedo
1246 3159 1544 3229 tranquilla
1569 3173 1668 3228 per
1692 3157 1879 3213 alta-

336 3249 615 3304 Horresco
639 3247 1234 3303 referens—immensis
1257 3245 1485 3302 orbibus
1509 3259 1717 3313 angues

336 3333 671 3390 Incumbunt
695 3333 906 3403 pelago,
933 3333 1248 3403 pariterque
1271 3331 1342 3388 ad
1365 3331 1533 3386 litora
1554 3329 1825 3398 tendunt3

335 3421 574 3476 Pectora
596 3435 832 3490 quorum
855 3419 1004 3474 inter
1027 3417 1226 3474 fluctus
1249 3423 1469 3474 arrecta
1490 3416 1761 3483 iubaeque

334 3507 683 3577 Sanguineas
707 3510 972 3575 superant
985 3503 1192 3572 undas3
1232 3519 1363 3574 pars
1382 3507 1570 3558 cetera
1591 3503 1827 3569 pontum

2262 735 2363 790 175

2264 1169 2365 1220 180

2266 1601 2367 1654 185

2269 2035 2367 2087 190

2264 2466 2367 2518 195

2262 2896 2371 2950 200

2267 3322 2373 3374 205
