2725 3892
973 214 1248 263 VERGILI
1295 212 1675 263 GEORGIOON
1722 214 1759 265 1.

346 374 610 431 Caeditur
634 380 692 429 et
716 373 992 429 tiliaTaute
1017 375 1147 443 iugo
1163 373 1322 455 levis,
1353 372 1575 443 altaque
1598 374 1773 443 fagus,

345 462 622 531 Stivaque,
653 455 794 531 qu‘ae
819 468 1012 515 currus
1036 477 1068 515 a
1092 466 1250 531 tergo
1275 466 1534 528 torqueat
1556 460 1725 526 imos;

344 548 419 602 Et
445 565 706 617 suspensa
729 548 867 602 focis
891 546 1144 617 explorat
1169 547 1375 601 robora
1400 548 1603 602 fumus·

413 636 646 689 Possum
669 634 846 689 multa
869 634 972 689 tibi
997 640 1244 687 veterum
1276 640 1571 702 praecepta
1595 633 1821 703 referre,

345 721 420 775 Ni
445 722 650 793 refugis
671 722 962 790 tenuisque
987 722 1139 789 piget
1164 736 1497 788 cognoscere
1523 736 1697 774 curas·

415 808 566 865 Area
589 826 716 863 cum
740 808 932 877 primis
959 802 1170 875 ingenti
1196 806 1484 876 aequanda
1509 806 1759 873 cylindro

343 895 420 949 Et
445 896 713 949 vertenda
735 882 914 949 mauu*
929 901 988 949 et
1012 900 1166 947 creta
1189 893 1479 947 solidanda
1501 892 1700 959 tenaci,

345 982 432 1037 Ne
457 983 690 1037 subeant
713 982 933 1050 herbae,
961 997 1070 1036 neu
1096 979 1325 1049 pulvere
1349 975 1498 1034 'victa
1524 981 1757 1049 fatiscat,

344 1068 484 1123 Tum
508 1068 691 1123 variae
714 1067 970 1123 inludant
994 1072 1205 1137 pestes:
1248 1083 1413 1136 saepe
1438 1066 1667 1136 exiguus
1690 1083 1815 1120 mus

345 1154 460 1211 Sub
485 1156 647 1210 terris
669 1157 962 1225 posuitque
987 1154 1185 1209 domos
1211 1160 1377 1223 atque
1402 1154 1602 1208 horrea
1626 1154 1797 1217 fecit;

344 1241 462 1295 Aut
487 1242 660 1296 oculis
685 1243 831 1311 capti
856 1242 1046 1296 fodere
1073 1240 1278 1295 cubilia
1301 1239 1514 1309 talpa03

345 1328 717 1399 Inventusque
741 1330 891 1384 cavis
917 1329 1067 1397 bufo,
1097 1335 1155 1383 et
1179 1344 1317 1397 quae
1341 1326 1583 1397 plurima
1606 1334 1787 1383 terrae

343 1416 593 1470 Monstra
618 1416 834 1483 ferunt;
874 1415 1212 1485 populatque
1238 1415 1516 1483 ingentem
1542 1415 1706 1469 farris
1732 1430 1988 1469 acervum

345 1502 620 1571 Curculi0,
649 1510 814 1572 atque
839 1503 990 1571 inopi
1015 1507 1270 1557 metuens
1293 1502 1533 1555 formica
1556 1509 1830 1557 senectae.

415 1590 836 1659 Contemplator
859 1590 1010 1672 item,
1039 1606 1168 1644 cum
1192 1606 1250 1643 se
1273 1605 1388 1643 nux
1413 1589 1653 1658 plurima
1677 1588 1828 1643 silvis

343 1676 546 1731 Induet
569 1678 628 1731 in
653 1676 846 1730 florem
872 1682 931 1731 et
955 1693 1141 1731 ramos
1166 1676 1419 1730 curvabit
1444 1677 1662 1730 olentis.

344 1764 398 1817 Si
427 1770 689 1833 superant
713 1764 877 1821 fetus,
907 1764 1118 1833 pariter
1143 1764 1424 1817 frumenta
1448 1768 1761 1833 sequentur,

343 1850 652 1920 Magnaque
677 1866 800 1904 cum
827 1866 1030 1919 magno
1053 1851 1241 1905 veniet
1263 1838 1467 1905 tritura
1492 1850 1674 1907 calore
1694 1868 1707 1917 ;

345 1939 422 1990 At
448 1938 492 1991 si
518 1937 735 1991 luxuria
759 1935 1024 1991 soliorum
1050 1938 1316 1991 exuberat
1339 1939 1553 2006 umbra,

343 2022 686 2094 Nequiquam
713 2024 935 2101 pinguis
957 2024 1118 2093 palea
1141 2030 1286 2077 teret
1311 2040 1439 2078 area
1460 2025 1686 2079 culmos

414 2111 635 2165 Semina
657 2110 790 2164 vidi-
799 2110 1053 2179 equidem
1077 2111 1284 2165 multos
1307 2112 1587 2166 medicare
1612 2112 1847 2167 serentis

339 2199 414 2252 Et
441 2200 590 2253 nitro
613 2198 766 2268 prius
791 2202 850 2251 et
871 2192 1038 2266 nigra*
1053 2198 1387 2266 perfundere
1412 2215 1651 2269 amurca,

341 2286 617 2339 Grandior
641 2291 704 2339 ut
729 2285 874 2339 fetus
899 2284 1111 2354 siliquis
1135 2284 1422 2339 fallacibus
1446 2291 1606 2353 esset,

340 2372 428 2441 Et,
459 2373 710 2441 quamvis
733 2372 848 2441 igni
874 2372 1088 2440 exiguo,
1111 2378 1413 2441 properata
1436 2372 1741 2427 maderent,

343 2458 476 2513 Vidi
501 2460 646 2513 lecta
669 2458 764 2512 diu
791 2465 848 2513 et
869 2459 1048 2512 multo
1073 2466 1320 2527 spectata
1344 2459 1535 2515 labore

341 2546 688 2615 Degenerare
713 2552 914 2615 tamen,
945 2546 1002 2599 ni
1029 2546 1114 2600 vis
1137 2547 1383 2601 humana
1446 2564 1477 2599 u
1522 2552 1541 2599 t
1618 2548 1707 2601 nis

340 2632 584 2686 Maxima
608 2648 855 2701 quaeque
882 2648 1048 2685 mauu
1074 2563 1681 2707 legeretfflia
1706 2632 1840 2687 fatis

340 2720 405 2773 In
430 2720 586 2788 peius
609 2736 784 2785 ruere,
813 2736 878 2774 ac
903 2726 1054 2773 retro
1079 2720 1338 2789 sublapsa
1361 2720 1586 2787 referri;

338 2806 395 2861 N
397 2824 469 2861 on
497 2806 669 2873 aliter,
700 2823 860 2877 quam
889 2805 1242 2875 quiadverso
1265 2807 1363 2861 vix
1388 2805 1615 2860 flumine
1640 2805 1881 2859 lembum

339 2892 606 2963 Remigiis
629 2894 848 2963 subigit,
879 2894 925 2945 si
951 2892 1211 2947 bracchia
1235 2893 1380 2947 forte
1405 2894 1634 2961 remisit,

339 2980 526 3049 Atque
549 2979 703 3034 illum
731 2982 788 3033 in
814 2996 1078 3050 praeceps
1103 2996 1282 3048 prono
1306 2980 1455 3047 rapit
1480 2980 1667 3035 alveus
1692 2976 1857 3031 amni.

378 3068 704 3122 'Praeterea
727 3075 840 3123 tam
867 3073 996 3121 sunt
1021 3067 1248 3119 Arcturi
1274 3065 1453 3119 sidera
1476 3066 1639 3118 nobis

343 3154 764 3223 Haedorumque
789 3154 907 3207 dies
931 3153 1185 3207 servandi
1211 3159 1267 3207 et
1291 3152 1505 3205 lucidus
1530 3152 1761 3219 Anguis,

341 3242 520 3307 Quam
544 3242 745 3310 quibus
769 3242 826 3293 in
852 3240 1085 3309 patriam
1113 3246 1347 3292 ventosa
1373 3254 1471 3307 per
1498 3254 1739 3315 aequora
1762 3238 1935 3289 vectis

339 3326 552 3380 Pontus
577 3332 634 3380 et
659 3327 904 3380 ostriferi
927 3327 1118 3379 fauces
1141 3331 1485 3393 temptantur
1510 3325 1716 3393 Abydi.

338 3412 506 3467 Libra
527 3413 618 3466 die
629 3414 931 3482 {somnique
955 3427 1118 3482 pares
1143 3411 1237 3464 ubi
1261 3411 1463 3465 fecerit
1488 3412 1667 3480 horae,

338 3496 414 3563 Et
437 3498 679 3552 medium
703 3498 814 3553 luci
841 3506 1004 3567 atque
1029 3498 1240 3551 umbris
1275 3498 1382 3552 iam
1410 3498 1612 3553 dividit
1636 3497 1843 3565 orbem,

2282 547 2383 605 175

2284 984 2386 1035 180

2282 1416 2383 1471 185

2278 1852 2382 1905 190

2278 2286 2378 2338 195

2272 2718 2377 2771 200

2271 3153 2375 3205 205
