2725 3892
1349 271 1577 386 Ἑρ.
1632 315 1717 400 5⁷.

1013 881 1072 948 P.
1108 877 1389 947 VERGILI
1438 877 1679 948 MARON
1680 879 1743 947 IS

821 1061 2022 1140 AENEIDOS.

979 1253 1250 1316 LIBER
1304 1253 1759 1318 SEPTIMUS.

349 1577 432 1634 Tu
457 1595 676 1650 quoque
703 1578 960 1634 litoribus
987 1579 1206 1650 nostris,
1235 1579 1451 1634 Aeneia
1472 1577 1679 1648 nutrix,

347 1664 650 1720 Aeternam
675 1667 916 1738 moriens
938 1668 1163 1736 famam,
1192 1666 1397 1736 Caieta,
1426 1665 1657 1734 dedisti3

347 1751 421 1806 Et
442 1769 590 1806 nune
616 1759 800 1807 servat
824 1752 1004 1808 honos
1027 1753 1216 1810 sedem
1239 1757 1383 1822 tuus,
1412 1768 1643 1826 ossaque
1668 1769 1872 1807 nomen

348 1838 620 1907 Hesperia
643 1839 702 1892 in
728 1855 943 1908 magna,
975 1840 1020 1894 si
1045 1855 1148 1908 qua
1176 1844 1260 1894 est
1285 1855 1352 1894 ea
1374 1837 1565 1910 gloria,
1593 1839 1789 1907 signat.

345 1924 428 1978 At
450 1926 574 1994 pius
597 1927 866 1996 exsequiis
891 1927 1110 1982 Aeneas
1133 1926 1241 1982 rite
1265 1927 1477 1997 solutis,

345 2013 567 2083 Aggere
591 2017 900 2086 composito
924 2017 1139 2086 tumuli,
1167 2021 1459 2086 postquam
1484 2015 1598 2071 alta
1622 2017 1882 2086 quierunt

343 2088 618 2171 Aequora,
647 2102 830 2158 tendit
853 2104 960 2158 iter
985 2103 1136 2174 velis,
1163 2109 1499 2174 port-umque
1524 2103 1799 2172 relinquit.

343 2185 612 2254 Aspirant
635 2203 803 2242 aurae
826 2188 886 2241 in
911 2193 1150 2255 noctem,
1177 2205 1282 2244 nee
1307 2188 1543 2243 eandida
1565 2203 1757 2242 eursus

343 2270 498 2327 Luna
519 2279 700 2350 negat,
730 2273 982 2344 splendet
1005 2275 1243 2330 tremulo
1268 2276 1370 2328 sub
1393 2275 1603 2328 lumine
1618 2279 1837 2344 pontus.

339 2358 602 2416 Proxima
629 2361 889 2417 Circaeae
916 2363 1186 2417 raduntur
1211 2363 1379 2418 litora
1401 2369 1599 2426 terrae,

339 2445 510 2502 Dives
529 2449 837 2503 inaccessos
859 2450 956 2503 ubi
981 2449 1126 2504 Solis
1147 2449 1264 2504 filia
1285 2450 1443 2504 lucos

339 2531 590 2592 Adsiduo
617 2541 840 2590 resonat
864 2540 1046 2602 cantu,
1073 2537 1344 2606 tectisque
1370 2535 1623 2606 superbis

339 2618 467 2674 Urit
493 2621 780 2675 odoratam
809 2627 1082 2676 nocturna
1105 2623 1164 2676 in
1188 2621 1398 2676 lumina
1422 2621 1662 2688 cedrum,

339 2707 556 2775 Arguto
579 2707 762 2760 tenuis
785 2723 1112 2776 percurrens
1135 2709 1354 2778 pectine
1380 2709 1534 2764 telas.

337 2791 482 2846 Hine
507 2793 757 2846 exaudiri
782 2793 1019 2861 gemitus
1041 2795 1261 2864 iraeque
1287 2795 1521 2862 leonum,

334 2878 538 2932 Vinela
559 2870 910 2934 recussutum
937 2886 995 2934 et
1019 2893 1142 2934 sera
1165 2880 1266 2935 sub
1289 2886 1455 2936 nocte
1480 2878 1792 2944 rudentum,

336 2963 708 3034 Saetigerique
735 2983 858 3022 sues
883 2971 1048 3035 atque
1072 2967 1130 3021 in
1155 2968 1545 3037 praesaepibus
1568 2967 1679 3020 ursi

333 3049 576 3117 Saevire,
603 3067 668 3105 ao
690 3052 902 3108 formae
925 3070 1250 3121 magnorum
1276 3054 1489 3109 ululare
1511 3053 1785 3122 luporum,

335 3136 488 3201 Quos
511 3136 801 3199 hominum
827 3157 897 3194 ex
922 3140 1063 3194 faeie
1089 3139 1194 3196 dea
1221 3157 1384 3196 saeva
1410 3141 1729 3210 potentibus
1752 3137 1938 3193 herbis

335 3222 596 3280 Induerat
621 3225 780 3280 Ciree
803 3227 864 3283 in
889 3227 1070 3282 voltus
1093 3244 1160 3282 ae
1183 3233 1340 3297 terga
1363 3228 1622 3282 ferarum.

333 3309 487 3376 Quae
511 3329 583 3366 ne
603 3317 856 3368 monstra
873 3314 954 3383 pii
979 3319 1304 3384 paterentur
1327 3315 1461 3370 talia
1484 3314 1656 3368 Troes

332 3395 514 3451 Delati
538 3398 595 3452 in
621 3405 829 3469 portus,
857 3417 965 3454 neu
987 3401 1156 3456 litora
1177 3401 1300 3456 dira
1323 3401 1586 3470 subirent,

331 3480 625 3551 Neptunus
651 3488 831 3541 ventis
853 3487 1108 3556 implevit
1133 3487 1256 3542 vela
1281 3487 1550 3556 secundis,

2308 2362 2376 2416 1⁰

2302 2797 2368 2848 15

2297 3230 2363 3280 20
