2725 3892
965 167 1237 220 vanam
1282 167 1611 220 ammons
1655 167 1744 220 IV.

339 328 449 384 Sed
474 330 597 400 quis
620 333 729 386 erit
750 329 965 400 modus,
993 333 1091 384 aut
1116 346 1227 399 qno
1252 345 1402 384 nunc
1425 332 1728 384 certamine
1753 330 1946 384 tanto?

338 415 487 481 Quin
510 416 696 485 potius
719 432 913 485 pacem
936 421 1225 472 aeternam
1247 419 1548 486 pactosque
1573 415 1912 483 hymenaeos

336 501 706 556 Exci-cemus?
744 501 929 570 habes,
956 506 1079 556 tota
1100 501 1249 571 qnod
1274 507 1460 556 mente
1483 501 1701 572 petisti:

336 587 517 642 Ardet
540 604 731 642 amans
753 587 899 642 Dido
924 589 1204 658 traxitque
1228 605 1327 657 per
1352 605 1479 643 ossa
1501 587 1761 644 furorem.

338 675 701 730 Communem
724 674 874 729 hunc
898 691 1029 745 ergo
1053 674 1320 744 populum
1345 675 1676 744 paribusque
1697 691 1952 745 regamus

338 761 646 831 Auspiciis;
686 761 850 816 liceat
876 761 1123 831 Phrygio
1150 761 1357 815 servire
1381 760 1598 828 marite,
1839 773 1844 778 ·

334 848 659 917 Dotalisque
682 853 811 902 tuae
835 848 1033 916 Tyrios
1056 847 1376 919 permittere
1398 847 1681 902 dextrae.’'

407 935 761 990 Olli—sensit
788 935 933 989 enim
960 935 1219 990 simulata
1240 940 1430 990 mente
1451 934 1711 1005 locutam,

336 1021 461 1087 Quo
483 1039 713 1090 regnum
739 1021 933 1077 Italiae
957 1020 1193 1089 Libycas
1218 1026 1497 1076 averteret
1520 1038 1714 1077 oras-

335 1107 428 1163 Sic
451 1113 645 1163 contra
671 1113 754 1162 est
776 1109 1023 1177 ingressa
1046 1108 1270 1164 Venus:
1316 1107 1508 1176 “Quis
1530 1109 1666 1164 talia
1685 1109 1915 1166 demens

335 1194 580 1264 Abnuat„
608 1199 704 1249 aut
728 1200 911 1248 mcum
935 1194 1093 1248 malit
1118 1193 1456 1249 contendere
1480 1194 1659 1249 bello?

335 1281 393 1336 Si
416 1281 602 1348 modo,
632 1280 781 1350 quod
804 1296 1093 1350 memoras,
1121 1280 1327 1336 factum
1355 1280 1582 1336 fortuna
1603 1288 1889 1352 aequatum

335 1367 445 1424 Sed
468 1368 600 1422 fatis
623 1367 836 1422 incerta
860 1367 1022 1435 feror,
1054 1367 1100 1420 si
1127 1365 1378 1438 Iuppiter
1401 1383 1568 1422 unam

334 1455 470 1510 Esse
497 1454 629 1509 velit
654 1453 835 1522 Tyriis
856 1454 1051 1508 urbem
1075 1453 1347 1524 Troiaque
1370 1454 1650 1524 profectis,

334 1542 625 1598 Miscet-ive
648 1541 847 1610 probet
872 1540 1119 1612 populos,
1148 1545 1245 1595 aut
1268 1540 1494 1596 foedera
1516 1541 1688 1612 iungi.

334 1629 418 1684 Tu
442 1629 711 1696 coniunx3
754 1627 855 1682 tibi
880 1627 965 1682 fas
988 1629 1231 1682 animum
1257 1633 1532 1697 temptare
1555 1628 1850 1697 precando.

334 1715 545 1785 Pei-303
586 1714 838 1785 sequar.‘’
913 1714 1053 1768 Tum
1078 1715 1157 1770 sio
1182 1716 1403 1786 excepit
1423 1716 1578 1785 regia
1597 1713 1767 1772 Iuno:

337 1805 373 1832 ·‘
392 1801 607 1858 Mecum
634 1801 741 1856 erit
762 1802 867 1855 istc
890 1800 1063 1856 labor.
1108 1797 1114 1802 ⁷
1141 1799 1309 1856 Nunc
1332 1819 1442 1872 qua
1463 1802 1697 1871 ratione,
1725 1801 1870 1872 quod
1895 1802 2080 1871 instat,

230 1918 240 1934 ι
267 1911 276 1919 ·
335 1887 576 1944 Confieri
602 1891 788 1962 possit,
822 1889 1024 1960 paucis,
1048 1887 1289 1958 adverte,
1316 1888 1546 1945 doceb0.

334 1981 616 2036 Venatum
644 1981 865 2036 Aeneas
890 1997 1105 2052 unaque
1130 1981 1440 2039 miserrima
1461 1983 1607 2038 Dido

332 2067 399 2123 In
426 2086 621 2124 nemus
644 2069 727 2123 ire
752 2075 965 2138 parant,
984 2069 1083 2124 ubi
1105 2070 1315 2139 primos
1340 2072 1612 2126 crastinus
1635 2075 1792 2126 ortua

332 2155 610 2211 Extulerit
633 2155 796 2211 Titan
820 2155 1097 2226 radiisque
1119 2157 1386 2212 retexerit
1408 2157 1615 2214 orbem.

334 2241 436 2297 His
458 2259 563 2311 ego
588 2243 899 2312 nigrantem
922 2244 1221 2299 commixta
1242 2243 1512 2312 grandine
1524 2244 1802 2313 nimbum,

333 2327 479 2383 Dum
504 2328 785 2398 trepidant
810 2328 943 2398 alae,
974 2329 1253 2400 saltusque
1274 2329 1536 2399 indagine
1557 2330 1801 2402 cingunt,

332 2413 583 2484 Desuper
606 2414 909 2484 infundam,
936 2421 994 2471 et
1016 2417 1229 2472 tonitru
1252 2417 1466 2472 caelum
1491 2433 1656 2472 omne
1677 2415 1853 2473 ciebo.

332 2501 641 2570 Diffugient
664 2503 896 2558 comites
919 2507 977 2558 et
998 2510 1167 2559 nocte
1188 2509 1448 2575 tegentur
1472 2521 1673 2574 opaca3

332 2585 661 2656 Speluncam
686 2586 835 2641 Dido
860 2586 974 2642 dux
998 2594 1056 2643 et
1079 2587 1349 2644 Troianus
1373 2588 1606 2644 eandem

330 2671 659 2728 Devenient.
734 2672 943 2740 Adero,
972 2681 1045 2744 et,
1074 2680 1173 2730 tua
1198 2676 1245 2730 si
1269 2675 1407 2731 mihi
1431 2681 1586 2731 certa
1608 2673 1880 2744 voluntas,

334 2759 586 2815 Conubio
610 2760 831 2829 iungam
858 2761 1037 2815 stabili
1064 2760 1456 2832 propriamque
1479 2761 1694 2818 dicabo.

331 2845 438 2902 Hic
461 2846 797 2916 hymenaeus
821 2847 984 2902 erit.”
1060 2847 1191 2904 Non
1218 2849 1510 2907 adversata
1533 2848 1746 2919 petenti

333 2933 563 3002 Adnuit,
590 2939 756 3005 atque
780 2933 921 2988 dolis
945 2935 1069 2991 risit
1093 2935 1371 3003 Cytherea
1393 2937 1641 3005 repertis.

400 3020 680 3076 Oceanum
706 3021 920 3076 interea
944 3038 1174 3090 surgens
1199 3023 1422 3078 Aurora
1447 3022 1684 3093 reliquit.

328 3106 384 3162 It
406 3107 583 3176 portis
606 3107 801 3162 iubare
826 3113 1023 3163 exorto
1047 3108 1259 3164 delecta
1284 3109 1579 3177 iuventus;

326 3193 493 3248 Retia
516 3209 655 3261 rara,
684 3194 895 3264 plagae,
924 3194 1038 3249 lato
1064 3196 1339 3251 venabula
1357 3196 1526 3262 terre,

328 3279 659 3350 Massylique
684 3286 853 3335 ruunt
878 3281 1089 3349 equites
1114 3287 1171 3336 et
1194 3281 1368 3336 odora
1389 3299 1590 3337 canum
1615 3282 1714 3338 vis.

329 3365 596 3434 Reginam
619 3365 866 3421 thalamo
891 3373 1243 3422 cunctantem
1270 3367 1341 3422 ad
1364 3367 1554 3422 limina
1577 3367 1746 3438 primi

328 3449 641 3508 Poenorum
666 3457 1011 3524 exspectant,
1040 3457 1303 3524 ostroque
1325 3452 1562 3524 insignis
1581 3457 1642 3512 et
1663 3469 1803 3512 auro

2272 507 2376 559 100

2269 940 2370 992 105

2263 1373 2366 1426 110

2265 1809 2365 1860 115

2265 2244 2368 2297 120

2263 2677 2366 2732 125

2265 3112 2368 3166 180
