2725 3892
863 252 868 255 Ι
925 176 1198 227 VERGILI
1243 174 1573 225 AENEIDOS
1620 170 1760 222 vm.

393 338 544 393 Haec
569 338 664 392 ubi
690 338 838 392 dicta
865 338 1038 405 dedit,
1065 336 1202 390 solio
1227 352 1286 389 se
1311 334 1459 388 tollit
1484 333 1552 388 ab
1578 332 1720 400 alt03

319 425 396 479 Et
417 426 656 495 primum
682 424 969 479 Herculeis
993 424 1198 492 sopitas
1221 422 1439 491 ignibus
1464 437 1587 475 aras

319 512 560 581 Excitat,
588 511 1020 580 hesternumque
1045 509 1242 563 Larem
1271 523 1579 577 parvosque
1603 506 1831 561 Penatis

319 600 520 655 Laetus
545 598 691 667 adit3
730 602 979 653 mactant
1003 596 1174 651 lectas
1199 596 1268 650 de
1292 611 1449 649 more
1473 594 1713 648 bidentis

317 686 610 741 Euandrus
635 686 858 756 pariter,
887 684 1096 754 pariter
1120 682 1356 736 Troiana
1379 682 1649 735 iuventus.

319 773 456 829 Post
477 774 608 827 hinc
633 772 702 827 ad
726 772 882 827 navis
907 770 1172 840 graditur,
1203 768 1489 836 sociosque
1516 767 1743 833 revisit;

321 859 567 924 Quorum
591 858 660 912 de
683 873 930 925 numero,
961 854 1055 925 qui
1081 870 1200 909 sese
1225 854 1282 907 in
1317 852 1463 906 bella
1484 855 1799 921 sequantur,

317 945 658 999 Praestantis
683 944 888 998 virtute
911 942 1048 1015 legit
1071 961 1084 1007 ς
1125 957 1256 1009 pars
1280 943 1467 993 cetera
1490 952 1669 1007 prona

318 1032 518 1086 Fertur
541 1048 697 1101 aqua,
725 1032 1016 1099 segnisque
1041 1027 1283 1083 secundo
1313 1024 1505 1079 defluit
1531 1024 1709 1093 amni,¹

317 1118 530 1173 Nuntia
552 1124 790 1173 ventura
811 1118 1056 1172 Ascanio
1083 1128 1379 1181 rerumque
1406 1110 1728 1183 patrisque:

316 1205 535 1260 Dantur
559 1205 684 1275 equi
710 1204 933 1259 Teucris
960 1201 1249 1270 Tyrrhena
1276 1198 1595 1269 petentibus
1619 1212 1786 1262 arva;

316 1292 543 1348 Ducunt
566 1299 842 1377 effortem
869 1292 1111 1356 Aeneae,
1145 1304 1302 1361 quein
1333 1286 1487 1340 fulva
1512 1283 1687 1339 leonis

316 1380 484 1435 Pellis
511 1380 628 1434 obit
651 1386 848 1447 totum,
875 1376 1225 1446 praefulgens
1252 1372 1521 1442 unguibus
1547 1370 1741 1426 aureis.

313 1466 558 1567 >Quina
580 1466 732 1520 volat
758 1481 983 1534 parvam
1009 1464 1193 1517 subito
1221 1462 1443 1529 volgata
1464 1474 1563 1527 per
1592 1456 1802 1523 urbem,

318 1553 486 1608 Ocius
509 1553 592 1607 ire
615 1554 827 1622 equites
851 1550 1127 1621 Tyrrheni
1152 1549 1222 1605 ad
1246 1548 1413 1602 litora
1436 1547 1595 1615 regis.

318 1641 470 1697 Vota
492 1646 644 1695 metu
670 1639 952 1709 duplicant
975 1644 1197 1703 matres,
1226 1634 1562 1705 propiusque
1584 1631 1795 1703 periclo

317 1728 372 1783 It
397 1729 575 1796 timor,
604 1733 660 1783 et
684 1714 862 1789 maior
885 1726 1079 1781 Martis
1106 1726 1217 1779 iam
1243 1716 1476 1794 apparet
1498 1722 1696 1793 imago,

317 1816 456 1869 Tum
479 1800 638 1885 pater
659 1813 952 1869 Euandrus
978 1812 1232 1866 dextram
1259 1810 1583 1885 compl—exus
1606 1807 1786 1865 euntis

319 1902 540 1971 Haeret,
568 1887 880 1975 inexpletus
902 1900 1210 1965 lacrimans,
1239 1915 1304 1953 ac
1328 1900 1463 1954 talia
1486 1898 1658 1955 fatur:
1685 1870 1797 2027 ᾔ

267 1978 356 2039 >·“
373 1989 422 2044 Ο
447 1989 584 2043 mihi
609 1990 938 2059 praeteritos
965 1988 1165 2059 referat
1191 1988 1237 2041 si
1263 1986 1513 2057 Iuppiter
1538 2008 1728 2061 annos,

320 2075 510 2141 Qualis
534 2093 701 2145 eram,
731 2093 854 2131 cum
883 2076 1114 2145 primam
1141 2074 1315 2129 aciem
1343 2078 1643 2133 Praeneste
1668 2079 1769 2133 sub
1796 2079 1914 2155 ipsa

319 2162 504 2217 Sti-avi
529 2168 922 2231 scutorumque
946 2162 1166 2217 incendi
1197 2161 1376 2217 'victor
1398 2180 1641 2233 acervos,

215 2316 226 2325 ἢ
317 2249 392 2302 Et
417 2266 602 2348 regem
625 2238 729 2329 {ifle
751 2250 983 2335 {Erulum
1008 2238 1208 2335 dextra
1231 2252 1332 2306 sub
1355 2251 1587 2329 Tartara
1616 2252 1756 2317 misi,

317 2336 584 2393 Nascenti
610 2338 700 2394 cui
725 2338 822 2391 tris
847 2336 1054 2391 animas
1080 2338 1316 2392 Feronia
1337 2345 1591 2416 mater-

318 2424 684 2479 Horrendum'
697 2423 1383 2479 dictu—dederat—-terna
1410 2442 1567 2481 arma
1588 2423 1876 2492 movenda,

318 2512 425 2567 Ter
448 2512 564 2566 leto
589 2509 914 2565 sternendus
939 2516 1087 2577 erat3
1131 2511 1218 2564 cui
1246 2516 1363 2565 tum
1391 2516 1583 2566 tamen
1606 2512 1788 2566 omnis

322 2597 568 2653 Abstulit
590 2596 726 2652 haec
751 2598 962 2651 animas
985 2597 1196 2666 dextra,
1227 2602 1285 2651 et
1311 2597 1547 2674 totidem
1572 2598 1727 2665 exuit
1750 2597 2005 2663 amb,—

320 2684 451 2739 Non
475 2676 578 2753 egb
603 2700 750 2738 nunc
775 2683 921 2737 dulci
947 2684 1204 2754 amplexu
1235 2684 1533 2739 divellerer
1555 2700 1803 2755 usquam,

319 2770 480 2838 Nate,
509 2778 624 2838 tue,
651 2786 830 2839 neque
853 2769 1092 2825 finitimo
1121 2770 1430 2826 Mezentius
1453 2788 1714 2841 umquam

320 2856 464 2911 Huic
489 2857 654 2927 capiti
681 2856 950 2931 insultans
973 2862 1060 2925 tot
1085 2858 1238 2912 ferro
1263 2874 1429 2912 saeva
1450 2858 1693 2913 dedisset

321 2944 550 3012 Funera,
582 2950 692 2998 tam
720 2942 910 2998 multis
937 2930 1216 2999 viduasset
1242 2944 1457 2999 civibus
1482 2945 1691 2999 urbem.

321 3030 402 3084 At
424 3046 539 3097 vos,
568 3047 603 3084 o
627 3030 825 3099 superi,
855 3036 911 3085 et
940 3030 1127 3085 divom
1145 3014 1217 3085 ‘tu
1243 3032 1487 3086 maxime
1510 3036 1695 3086 rector

321 3106 586 3186 Iuppiter,
616 3116 859 3185 Arcadii,
893 3134 1111 3187 quaeso,
1145 3119 1481 3173 miserescite
1508 3120 1670 3187 regis,

321 3205 394 3258 Et
419 3205 624 3273 patrias
652 3204 838 3260 audite
865 3221 1086 3274 preces:
1129 3204 1188 3261 si
1215 3206 1443 3259 numina
1466 3210 1651 3259 vestra

321 3291 658 3347 Incolumem
691 3292 944 3347 Pallanta
966 3292 1122 3361 mihi,
1154 3294 1200 3346 si
1227 3294 1342 3347 fata
1366 3298 1671 3361 reservant,

323 3380 380 3432 Si
405 3380 620 3434 visurus
647 3396 768 3434 eum
794 3380 926 3433 vivo
951 3384 1008 3433 et
1030 3385 1298 3433 venturus
1323 3379 1379 3431 in
1405 3395 1577 3433 unum
1597 3398 1611 3433 :
1632 3390 1681 3427 ε’

323 3463 514 3520 Vitam
543 3484 674 3545 oro;
715 3466 900 3535 pat'or
925 3466 1172 3535 quemvis
1195 3465 1397 3520 durare
1422 3465 1689 3521 laborem.

2252 681 2356 733 545

2253 1111 2357 1163 550

2252 1544 2359 1596 555

2254 1992 2360 2045 500

2254 2426 2359 2477 565

2254 2858 2361 2915 570

2259 3294 2361 3347 575
