2725 3892
975 197 1248 247 viv-Rom
1291 196 1623 248 nummos
1666 197 1759 248 111.

347 361 544 416 Infelix
568 366 737 428 vates,
767 359 1086 428 rumpitque
1107 358 1254 413 hanc
1277 363 1505 428 pectore
1530 374 1755 412 vocem:

349 449 383 478 “
403 446 620 501 Bellum
647 447 814 500 etiam
837 461 942 515 pro
967 445 1136 500 caede
1161 445 1324 499 boum
1351 445 1649 514 stratisque
1672 445 1938 510 iuvencis,

345 532 861 598 Laomedontiadas,
889 530 1170 586 bellumne
1194 531 1397 584 inferre
1422 531 1631 599 paratis

345 619 420 674 Et
442 619 624 688 patrio
651 618 928 688 Harpyias
953 618 1192 672 insontis
1217 617 1423 686 pellere
1450 617 1663 686 regno?

345 706 598 774 Accipite
623 721 756 774 ergo
781 705 980 760 animis
1006 707 1171 773 afque
1195 703 1334 758 haec
1359 719 1483 758 mea
1504 703 1659 771 figite
1684 703 1861 758 dicta:

157 801 302 822 *ff*
344 792 500 858 Quae
525 791 750 847 Phoebo
776 796 932 860 pater
957 791 1326 859 omnipotens,
1353 789 1494 843 mihi
1518 789 1777 844 Phoebus
1802 789 2007 860 Apollo

342 877 639 946 Praedixif„
666 877 826 932 vobis
848 876 1137 931 Furiarum
1167 891 1272 944 ego
1295 875 1539 930 maxima
1562 875 1743 946 pando
1770 892 1785 928 ε

341 963 561 1020 Italiam
586 981 746 1019 cursu
774 963 976 1034 petitis,
1007 963 1296 1032 ventisque
1323 963 1539 1017 vocatis

341 1050 504 1106 Ibitis
529 1050 761 1119 Italiam,
789 1055 1090 1120 portusque
1115 1049 1324 1104 intrare
1345 1049 1569 1118 licebit;

343 1139 452 1193 Sed
473 1155 588 1193 non
611 1141 744 1193 ante
767 1137 954 1192 (latam
979 1137 1208 1205 clngetis
1235 1135 1529 1190 moenibus
1553 1135 1765 1203 urbem,

343 1223 522 1290 Quam
547 1241 650 1279 vos
673 1223 796 1278 dira
817 1224 992 1278 fames
1017 1227 1344 1292 nostraeque
1372 1222 1575 1276 iniuria
1600 1223 1785 1278 caedis

341 1311 614 1366 Ambesas
637 1311 853 1380 subigat
875 1309 1036 1366 malis
1059 1310 1348 1364 absumere
1376 1309 1648 1365 mensas.'’

175 1401 215 1468 '3
339 1397 514 1466 Dixit,
542 1403 600 1452 et
623 1397 680 1452 in
705 1397 896 1453 silvam
923 1397 1122 1466 pennis
1147 1395 1334 1451 ablata
1357 1395 1581 1464 refugit.

341 1485 422 1538 At
446 1485 608 1538 sociis
629 1483 812 1538 subita
835 1483 1048 1552 gelidus
1072 1482 1373 1538 tormidine
1402 1483 1625 1552 sanguis

338 1570 626 1639 Deriguit3
667 1570 916 1625 cecidere
941 1570 1124 1638 animi,
1150 1585 1256 1624 nec
1279 1570 1395 1624 iam
1426 1568 1660 1638 amplius
1682 1571 1863 1640 armis,

339 1657 447 1711 Sed
477 1657 620 1712 votis
643 1657 1006 1726 precibusque
1029 1657 1226 1711 iubent
1255 1672 1553 1725 exposcere
1580 1671 1789 1725 pacem,

339 1743 469 1799 Sive
493 1743 644 1811 deae,
673 1759 768 1797 seu
795 1743 906 1797 siut
927 1743 1081 1797 dirae
1105 1743 1485 1812 obscenaeque
1508 1742 1777 1798 volucres.

303 1797 410 1910 'Et
435 1835 592 1898 pater
617 1829 888 1884 Anchises
911 1829 1088 1899 passis
1109 1829 1182 1884 de
1205 1828 1371 1884 litore
1393 1829 1590 1898 palmis

339 1914 587 1970 Numina
609 1932 808 1984 magna
833 1922 1010 1984 vocat,
1037 1916 1375 1986 meritosque
1407 1917 1602 1971 indicit
1626 1917 1893 1972 honores:

341 2004 375 2032 ‘⁸
392 2001 482 2067 Di,
509 2003 803 2072 prohibete
827 2003 1029 2068 minas3
1069 2002 1146 2082 di,
1181 2002 1348 2057 talem
1378 2003 1613 2058 avertite
1638 2019 1843 2072 casum,

337 2089 412 2142 Et
435 2089 630 2158 placidi
657 2095 874 2144 servate
897 2089 1043 2165 pips!
1066 2089 1098 2116 ”
1135 2088 1286 2154 Tum.
1299 2084 1461 2146 litore
1484 2091 1675 2154 funem

338 2175 620 2245 Deripere‚
649 2192 1016 2247 excussosque
1039 2178 1194 2246 iubet
1217 2180 1405 2251 laxare
1429 2181 1694 2252 rudentis.

337 2261 596 2323 Tendunt
618 2263 742 2318 vela
765 2263 931 2332 Noti3
971 2265 1216 2334 sugimus
1240 2270 1621 2336 spumantibus
1646 2270 1823 2344 undis,

339 2347 464 2414 Qua
489 2365 708 2403 cursum
733 2355 1042 2420 ventusque
1069 2353 1513 2424 gubernatorque
1538 2358 1789 2418 vocabat.

337 2433 456 2489 Iam
479 2435 662 2518 medio
688 2442 923 2506 apparet
939 2437 1110 2496 fluctu
1136 2455 1427 2498 nemorosa
1449 2442 1765 2511 Zacynthos

336 2520 764 2595 Dulichiumque
787 2523 1059 2594 Sameque
1084 2531 1142 2580 et
1163 2525 1392 2586 Neritos
1418 2529 1593 2586 ardua
1612 2530 1774 2584 saxis.
1824 2570 1853 2608 t
1921 2587 1937 2601 ,

335 2607 640 2677 Effugimus
663 2609 918 2680 scopulos
941 2611 1186 2681 Ithacae,
1225 2613 1447 2669 Laertia
1468 2631 1652 2690 regna,
1903 2602 1912 2611 ¹

337 2694 411 2748 Et
433 2701 642 2753 terram
667 2696 912 2752 altrIcem
940 2692 1465 2762 saevi‘exsecramur
1490 2702 1657 2758 Ulixi.

335 2781 470 2864 Q
493 2789 551 2837 et
575 2783 847 2839 Leucatae
871 2785 1126 2840 nimbosa
1157 2787 1443 2842 cacumina
1464 2790 1674 2844 montis

335 2869 410 2924 Et
433 2871 768 2926 formidatus
789 2871 972 2926 nautis
999 2872 1248 2941 aperitur
1275 2875 1491 2943 Apollo.

337 2955 502 3010 Hunc
527 2958 764 3026 petimus
787 2957 919 3011 fessi
945 2965 1002 3012 et
1033 2975 1234 3028 parvae
1261 2961 1604 3016 succedimus
1628 2963 1786 3030 urbi3

338 3041 563 3096 Ancora
585 3043 656 3097 de
681 3059 848 3111 prora
871 3044 1083 3112 iacitur,
1115 3051 1266 3100 stant
1287 3045 1453 3102 litore
1476 3064 1705 3118 puppes.

407 3128 552 3197 Ergo
575 3129 856 3198 insperata
877 3131 1104 3185 taudem
1131 3132 1326 3186 tellure
1349 3135 1517 3203 potiti

386 3222 768 3285 usti-emurque
792 3215 912 3271 Iovi
939 3217 1188 3286 votisque
1211 3219 1557 3276 incendimus
1582 3238 1721 3290 aras,

337 3302 612 3372 Actiaque
639 3303 820 3358 Iliacis
847 3303 1187 3358 celebramus
1211 3303 1379 3360 litora
1402 3305 1564 3361 ludis.

337 3387 618 3442 Exercent
639 3389 848 3457 patrias
871 3389 994 3443 oleo
1017 3390 1241 3444 labente
1265 3391 1567 3458 palaestras

339 3472 546 3528 Nudati
571 3475 737 3541 socii3
779 3475 935 3529 iuvat
957 3475 1194 3530 evasisse
1218 3481 1307 3530 tot
1331 3478 1494 3532 urbes

2276 709 2381 762 250

2274 1141 2380 1193 255

2274 1574 2380 1626 260

2270 2005 2375 2059 265

2074 2412 2181 2491 *x
2270 2445 2381 2503 πο

2272 2879 2378 2936 275
