2725 3892
1626 0 1742 19 q„

904 248 908 253 .
1003 204 1279 257 VERGILI
1325 204 1654 257 nmmos
1696 204 1788 256 IX.

375 368 596 426 Fertilis
623 368 902 423 Ausoniae
927 366 1113 421 Troes.
1189 366 1336 420 Sunt
1359 370 1417 420 et
1440 382 1565 421 mea
1588 372 1785 421 contra

377 456 516 513 Fata
540 456 694 526 mihi,
723 456 870 511 ferro
896 453 1218 509 sceleratam
1245 452 1567 507 exscindere
1590 458 1827 521 gentem,

377 544 624 612 Coniuge
647 546 971 612 praerepta;
1011 556 1114 594 nec
1139 539 1286 595 solos
1311 538 1494 606 tangit
1516 539 1745 593 Atridas

375 628 488 683 Iste
511 628 684 697 dolor,
715 627 953 697 solisque
977 628 1106 681 lieet
1131 642 1328 695 capere
1354 642 1509 681 arma
1532 626 1795 693 Mycenis.

379 722 412 745 ‘⁸
433 715 542 769 Sed
566 715 791 783 periisse
816 713 985 767 semel
1011 714 1145 767 satis
1168 718 1256 765 est
1271 712 1324 766 :’'
1361 728 1593 781 peccare
1616 713 1817 767 suisset

377 803 528 856 Ante
553 802 700 869 satis,
729 800 950 871 penitus
972 798 1140 853 modo
1167 814 1282 853 non
1309 815 1485 867 genus
1512 815 1675 853 omne
1698 816 1925 869 perosos

375 888 727 955 Femineum;
769 887 969 955 quibus
993 886 1132 941 haec
1157 885 1328 939 medii
1355 885 1557 940 fiducia
1580 886 1711 964 vaili

375 975 774 1043 Foasarumque
797 990 1000 1041 morae,
1031 972 1132 1027 leti
1159 972 1481 1027 discrimina
1502 990 1687 1042 parva,

375 1060 528 1117 Dant
551 1062 780 1117 animos.
856 1060 939 1114 At
962 1076 1075 1115 non
1105 1060 1364 1115 viderunt
1386 1060 1607 1115 moenia
1630 1060 1825 1115 Troiae

376 1147 627 1219 Neptuni
649 1148 919 1203 fabricata
943 1164 1109 1203 manu
1137 1148 1421 1206 considere
1446 1147 1505 1201 in
1527 1148 1711 1215 ignis?

377 1235 486 1291 Sed
512 1252 625 1303 vos,
654 1252 688 1289 0
711 1234 857 1303 lecti,
887 1234 1034 1289 ferro
1062 1221 1458 1304 quis‘scindere
1482 1234 1691 1289 vallum

375 1324 627 1394 Apparet
651 1328 709 1379 et
731 1340 951 1378 mecum
976 1324 1190 1379 invadit
1216 1322 1552 1393 trepidantia
1574 1323 1791 1377 castra?

375 1410 508 1466 Non
532 1411 698 1465 armis
721 1410 860 1464 mihi
884 1410 1138 1478 Volcani,
1167 1426 1281 1465 non
1306 1409 1459 1464 mille
1482 1410 1685 1464 carinis

375 1497 479 1554 Est
503 1516 638 1568 opus
662 1484 722 1553 in
746 1498 1023 1567 Teucros..
1077 1496 1309 1552 Addunt
1331 1514 1393 1551 se
1415 1496 1666 1567 protinus
1692 1512 1883 1551 omnes

377 1584 596 1641 Etrusci
624 1586 816 1640 socios.
895 1586 1172 1640 Tenebras
1195 1590 1253 1639 et
1275 1575 1477 1639 inertia
1500 1585 1654 1638 furta

377 1671 628 1751 Palladii,
655 1673 828 1727 caesis
853 1688 1100 1727 summae
1127 1672 1447 1726 custodibus
1460 1672 1629 1737 *αι-οἱς,

378 1757 468 1813 Ne
491 1758 757 1827 timeant;
797 1776 900 1833 nec
925 1758 1052 1830 equi
1067 1776 1240 1813 caeca
1263 1758 1567 1813 condemur
1590 1758 1651 1811 in
1675 1756 1829 1811 alvo:

379 1846 539 1914 Luce,
567 1848 768 1917 palam,
795 1854 1010 1901 certum
1035 1852 1120 1920 est
1143 1846 1256 1915 igni
1281 1845 1623 1901 circumdare
1650 1860 1851 1897 muros.

381 1934 542 1989 Haud
569 1935 672 1989 sibi
697 1952 822 1989 cum
847 1928 1056 1989 Danais
1079 1930 1198 1987 rem
1221 1932 1350 1987 faxo
1379 1938 1435 1987 et
1458 1934 1605 2001 pube
1630 1931 1863 1999 Pelasga

377 2022 515 2077 Esse
538 2028 754 2093 putent,
785 2022 1058 2076 decimum
1085 2038 1220 2091 quos
1245 2020 1463 2075 distulit
1490 2020 1699 2073 Hector
1724 2018 1781 2071 in
1806 2033 2028 2073 annum.

379 2108 545 2165 Nunc
569 2110 724 2177 adeo,
751 2109 948 2163 melior
975 2108 1234 2177 quoniam
1257 2124 1389 2177 pars
1414 2112 1541 2161 aeta
1562 2106 1689 2173 diei,

380 2194 542 2261 Quod
568 2201 831 2265 superest,
857 2194 988 2249 laeti
1014 2196 1156 2249 bene
1181 2196 1352 2265 gestis
1377 2210 1611 2264 corpora
1634 2193 1800 2247 rebus

378 2283 697 2351 Procul-ate,
727 2282 846 2350 viri,
878 2286 936 2337 et
961 2299 1200 2351 pugnam
1227 2287 1447 2351 sperate
1473 2280 1711 2351 parari.'’
1731 2326 1742 2337 ,

449 2369 671 2425 Interea
695 2369 922 2439 vigilum
951 2370 1200 2423 excubiis
1225 2368 1479 2422 obsidere
1502 2372 1693 2437 portas

381 2454 529 2509 Cura
551 2454 715 2509 datur
738 2454 1009 2523 MessapO,
1037 2460 1095 2509 et
1117 2455 1336 2508 moenia
1359 2454 1581 2522 cingere
1605 2452 1858 2507 fiammis.

379 2541 476 2597 Bis
500 2546 712 2611 septem
739 2540 946 2609 Rutuli,
975 2556 1164 2594 muros
1191 2541 1284 2609 qui
1309 2539 1483 2593 milite
1508 2544 1745 2604 servent,

378 2626 626 2696 Delecti3
667 2632 754 2682 ast
782 2627 908 2680 illos
934 2626 1152 2680 centeni
1179 2641 1452 2695 quemque
1478 2630 1781 2694 sequuntur

379 2714 652 2783 Purpurei
677 2714 858 2768 cristis
881 2712 1108 2767 iuvenes
1133 2728 1379 2783 auroque
1402 2712 1634 2767 corusci.

381 2801 728 2869 Discurrunt,
761 2801 1086 2871 variantque
1109 2801 1274 2867 vices,
1303 2800 1521 2870 fusique
1544 2816 1644 2868 per
1667 2798 1901 2853 herbam

381 2887 678 2956 Indulgent
704 2888 849 2954 vine,
880 2892 936 2941 et
963 2891 1190 2941 vertunt
1213 2892 1457 2941 crateras
1482 2893 1667 2941 aenos.

383 2974 692 3029 Conlucent
716 2974 896 3043 ignes3
937 2979 1157 3030 noctem
1184 2972 1436 3029 custodia
1460 2973 1613 3027 ducit

383 3061 701 3115 Insomnem
725 3061 871 3116 ludo.

453 3147 606 3202 Haec
631 3165 795 3217 super
821 3164 852 3201 e
876 3148 1022 3203 vallo
1045 3152 1405 3217 prospectant
1429 3148 1613 3216 Troes,
1644 3152 1701 3203 et
1725 3146 1891 3201 armis

383 3235 518 3290 Alta
541 3240 735 3289 tenent
754 3254 767 3303 ς
808 3250 912 3289 nec
935 3250 1048 3288 non
1073 3234 1274 3303 trepidi
1303 3234 1599 3289 formidine
1620 3234 1815 3303 portas

381 3322 704 3391 Explorant,
731 3321 1027 3391 pontisque
1051 3326 1108 3374 et
1131 3320 1547 3389 propugnacula
1568 3322 1819 3389 iungunt,

383 3408 514 3463 Tela
537 3414 751 3477 gerunt.
825 3408 1046 3463 Instant
1069 3407 1388 3462 Mnestheus
1414 3424 1649 3478 acerque
1674 3407 1941 3474 Serestus,

386 3494 536 3559 Quos
560 3500 721 3564 pater
746 3494 980 3564 Aeneas,
1009 3495 1055 3549 si
1082 3494 1304 3565 quando
1329 3495 1561 3550 adversa
1586 3500 1864 3563 vocarent,

2308 716 2412 767 140

2310 1148 2410 1199 145

2311 1582 2415 1633 150

2312 2016 2412 2068 155

2313 2452 2415 2503 160

2314 2886 2415 2937 165
