2725 3892
973 191 1252 244 vtinam
1293 192 1625 246 Alamos
1666 193 1733 244 V.

340 353 622 410 Sei-vatam
653 353 726 408 ob
751 369 948 409 navem
976 353 1156 408 laetus
1179 354 1471 422 sociosque
1496 353 1771 408 reductos.

341 440 448 495 Olli
472 457 632 495 serva
656 439 836 506 datur,
865 456 1096 508 operum
1121 440 1270 494 haud
1297 441 1495 508 ignara
1520 439 1819 508 Minervae,

340 527 532 582 Cressa
555 544 748 597 genus,
775 527 1002 596 Pholoe,
1033 528 1346 597 geminique
1372 529 1477 582 sub
1503 528 1671 582 ubere
1694 527 1829 582 nati.
2270 529 2375 582 285

407 614 531 668 Boc
555 615 678 684 pius
703 616 924 670 Aeneas
945 616 1120 670 misso
1145 615 1451 670 certamine
1469 615 1655 670 tendit

339 701 690 755 Gramineum
716 701 776 756 in
801 717 1072 771 campum,
1101 718 1266 771 quem
1291 701 1525 756 collibus
1548 701 1792 770 undique
1814 701 2001 756 curvis

339 786 647 856 cingebant
671 787 858 856 silvae,
886 787 1178 858 mediaque
1201 789 1262 844 in
1289 788 1431 844 valle
1458 788 1665 843 theatri

339 874 532 928 Circus
555 879 702 942 erat;
743 892 852 944 quo
875 891 934 929 se
959 875 1151 930 multis
1174 892 1298 930 cum
1325 875 1551 930 milibus
1574 875 1739 930 heros

338 959 610 1014 Oonsessu
632 960 877 1014 medium
902 961 1034 1016 tulit
1058 967 1453 1031 exstructoque
1479 960 1699 1016 resedit.
2270 962 2375 1016 290

339 1045 458 1112 Hic,
489 1047 582 1115 qui
607 1047 750 1102 forte
773 1048 948 1102 velint
972 1047 1166 1117 rapido
1189 1047 1533 1102 contendere
1556 1065 1735 1118 cursu,

337 1131 546 1188 Invitat
565 1134 760 1203 pretiis
783 1135 1011 1203 animos,
1041 1141 1099 1189 et
1124 1136 1373 1204 praemia
1394 1137 1573 1206 ponit.

339 1219 594 1289 Undique
619 1222 958 1278 conveniunt
982 1221 1178 1278 Teucri
1203 1224 1475 1293 mixtique
1500 1223 1703 1293 Sicani,

337 1305 506 1361 Nisus
529 1313 588 1360 et
609 1307 882 1376 Euryalus
905 1310 1102 1378 primi3

337 1393 611 1460 Euryalus
633 1394 816 1450 forma
838 1395 1068 1465 insignis
1089 1397 1362 1466 viridique
1384 1397 1628 1464 inventa,
2266 1399 2371 1452 295

338 1479 504 1534 Nisus
529 1497 718 1536 amore
740 1481 835 1550 pio
861 1483 1049 1551 pueri,
1093 1499 1234 1552 quos
1255 1484 1459 1538 deinde
1482 1491 1705 1540 secutus

338 1566 542 1634 Regius
566 1568 789 1636 egregia
814 1567 1022 1622 Priami
1049 1569 1118 1623 de
1143 1570 1314 1640 stirpe
1339 1569 1569 1638 Dici-est,

338 1653 502 1708 Hunc
526 1652 708 1707 Salius
731 1653 897 1708 simul
925 1661 982 1709 et
1003 1655 1233 1725 Patron,
1263 1671 1495 1726 quorum
1524 1657 1665 1712 alter
1691 1656 1969 1723 Acarnan,

338 1739 502 1794 Alter
525 1741 594 1794 ab
615 1740 858 1795 Arcadio
885 1739 1166 1811 Tegeaeae
1189 1744 1459 1812 sanguine
1482 1744 1663 1812 gentis
1683 1762 1697 1810 3

336 1827 472 1882 Tum
499 1828 612 1884 duo
637 1828 906 1884 Trinacrii
931 1829 1172 1898 iuvenes,
1201 1829 1473 1898 Helymus
1496 1830 1871 1897 Panopeaque,
2264 1831 2369 1882 300

337 1915 575 1970 Adsueti
598 1915 766 1984 silvis,
794 1915 1025 1972 comites
1047 1917 1281 1972 senioris
1306 1917 1579 1984 Acestae;

335 2000 500 2056 Multi
525 2009 828 2073 praeterea,
855 2019 994 2073 quos
1017 2003 1168 2058 fama
1201 2003 1439 2056 obscura
1462 2001 1736 2056 recondit.

337 2089 558 2144 Aeneas
581 2090 780 2158 quibus
801 2091 860 2144 in
885 2089 1082 2144 mediis
1105 2090 1184 2142 sic
1211 2088 1413 2142 deinde
1440 2087 1685 2142 locutus:

341 2176 376 2204 ‘⁶
393 2175 648 2245 Accipite
671 2177 810 2232 haec
833 2176 1048 2244 animis,
1075 2175 1356 2244 laetasque
1382 2173 1657 2228 advertite
1678 2178 1925 2228 mentes:

337 2260 521 2317 Nemo
545 2279 616 2318 ex
638 2265 744 2320 hoc
770 2281 1002 2319 numero
1027 2263 1167 2318 mihi
1189 2279 1306 2318 non
1330 2262 1573 2316 donatus
1596 2260 1789 2316 abibit.
2270 2262 2373 2314 305

339 2349 544 2404 Gnosia
565 2351 700 2405 bina
720 2350 864 2405 dabo
889 2351 1076 2406 levato
1100 2349 1286 2404 lucida
1309 2350 1465 2404 ferro

339 2435 562 2506 Spicula
586 2436 958 2506 caelatamque
983 2441 1214 2505 argento
1238 2437 1391 2492 terre
1414 2435 1744 2505 bipennem3

339 2523 610 2580 Omnibus
635 2523 723 2577 hic
747 2523 854 2578 erit
875 2541 1020 2578 unus
1043 2525 1237 2580 honos.
1314 2523 1451 2578 Tres
1473 2522 1719 2592 praemia
1744 2522 1909 2598 primi

339 2611 648 2680 Accipient,
673 2610 926 2680 flavaque
949 2616 1118 2679 caput
1139 2617 1435 2666 nectentur
1458 2611 1618 2666 oliva.

337 2695 560 2752 Primus
583 2713 784 2768 equum
811 2697 1056 2766 phaleris
1079 2698 1353 2768 insignem
1376 2697 1559 2754 victor
1581 2697 1817 2756 habeto:
2268 2698 2373 2752 310

339 2785 500 2840 Alter
517 2784 882 2840 Amazoniam
905 2784 1222 2854 pharetram
1239 2784 1571 2854 plenamque
1596 2782 1810 2853 sagittis

339 2869 620 2940 Threiciis,
647 2870 762 2926 lato
787 2887 950 2941 quam
975 2871 1443 2940 circumplectitur
1466 2887 1605 2926 auro

339 2955 578 3026 Balteus,
605 2963 664 3012 et
686 2959 850 3012 tereti
873 2957 1152 3012 subnectit
1177 2957 1350 3012 fibula
1372 2973 1627 3026 gemma3

338 3043 556 3099 Tertius
579 3043 844 3113 Argolica
865 3044 972 3100 hac
994 3045 1150 3113 galea
1175 3049 1474 3100 contentus
1496 3043 1709 3100 abit0.'’

261 3135 324 3216 5(
339 3131 492 3187 Haec
514 3133 610 3187 ubi
635 3131 798 3200 dicta,
825 3131 1014 3187 locum
1045 3132 1286 3201 capiunt,
1317 3133 1587 3201 signoque
1611 3135 1845 3200 repente
2270 3131 2375 3184 315

340 3218 664 3288 corripiunt
687 3221 868 3289 spatia
890 3218 1096 3286 audito,
1124 3218 1403 3289 limenque
1428 3218 1765 3286 relinquunt,

337 3304 514 3360 Effusi
535 3306 729 3360 nimbo
755 3305 976 3374 similes,
1005 3305 1167 3360 simul
1193 3305 1391 3359 ultima
1412 3305 1651 3372 signant.

339 3388 560 3444 Primus
583 3391 702 3445 abit
723 3391 998 3460 longeque
1021 3395 1153 3445 ante
1178 3391 1365 3445 omnia
1386 3405 1625 3460 corpora
1641 3386 1812 3444 Nisus

339 3473 574 3545 Emicat,
603 3481 662 3530 et
685 3476 870 3529 ventis
893 3483 950 3528 et
974 3474 1226 3528 fulminis
1249 3476 1403 3530 ocior
1428 3475 1563 3532 alis:
