2725 3892
993 195 1270 252 vanem
1313 199 1644 255 nimos
1686 201 1749 254 V.

356 361 428 414 Et
451 361 612 416 simul
641 361 728 416 his
752 361 914 416 dictis
935 363 1137 416 faciem
1161 364 1481 420 ostentabat
1502 370 1559 418 et
1582 363 1695 418 udo

355 447 561 516 Turpia
583 449 834 504 membra
857 449 1007 504 fimo.
1081 449 1229 504 Risit
1253 457 1427 520 pater·
1440 451 1683 520 optimus
1706 451 1819 520 olli,

356 534 430 588 Et
454 536 690 605 clipeum
717 535 906 590 efferri
925 535 1104 602 iussit,
1131 536 1501 605 Didymaonis
1524 539 1677 606 artis,

355 620 602 690 Neptuni
627 638 784 677 sacro
806 622 1013 676 Danais
1035 623 1106 678 de
1125 631 1282 693 poste
1305 624 1555 678 refixum.
1590 641 1595 646 ·

359 706 478 762 Hoc
502 709 761 762 iuvenem
785 709 1064 778 egi-egium
1093 708 1397 778 praestanti
1424 725 1653 764 munere
1678 711 1868 767 donat.

423 793 577 864 Post,
607 795 702 849 ubi
727 795 967 850 confecti
993 810 1202 863 cursus,
1235 801 1294 849 et
1315 795 1463 850 dona
1485 797 1730 866 peregit:

359 883 392 910 ‘⁶
411 879 592 948 Nunc,
621 881 668 935 si
692 880 782 935 cui
817 882 994 936 virtus
1017 883 1340 952 animusque
1363 883 1423 937 in
1448 893 1673 952 pectore
1698 899 1970 953 praesens,

355 967 538 1036 Adsit,
565 972 624 1022 et
647 967 880 1022 evinctis
905 967 1126 1023 attollat
1148 968 1405 1023 bracchia
1426 969 1678 1038 palmis?

354 1053 444 1108 Sic
463 1053 556 1120 ait,
585 1058 642 1108 et
665 1054 946 1122 geminum
969 1069 1188 1123 pugnae
1210 1055 1473 1124 proponit
1500 1055 1783 1125 honorem,

354 1141 574 1196 Victori
597 1140 840 1195 velatum
864 1157 1002 1196 auro
1025 1141 1288 1210 vittisque
1311 1141 1620 1210 iuvencum,

354 1227 559 1280 Ensem
583 1231 747 1296 atque
772 1227 1042 1296 insignem
1067 1227 1282 1296 galeam
1314 1228 1521 1283 solacia
1542 1229 1709 1284 victo.

353 1313 473 1369 Nec
497 1331 683 1370 mora:
723 1315 988 1368 continuo
1009 1315 1182 1368 vastis
1205 1331 1330 1368 cum
1353 1315 1565 1369 viribus
1590 1315 1751 1370 effert

353 1401 468 1456 Ora
490 1401 682 1470 Dares,
708 1417 1016 1470 magnoque
1039 1401 1216 1454 virum
1241 1417 1302 1456 ee
1325 1417 1607 1456 murmure
1629 1403 1777 1457 tollit
1796 1421 1811 1470 ;

352 1487 514 1542 Solus
537 1488 628 1556 qui
654 1486 912 1542 Paridem
936 1487 1129 1542 solitus
1153 1487 1489 1542 contendere
1512 1493 1722 1556 contra,

353 1571 614 1642 Idemque
639 1573 710 1626 ad
735 1572 1023 1640 tumulum,
1053 1587 1163 1642 quo
1185 1574 1461 1627 maximus
1484 1575 1719 1630 occubat
1746 1573 1969 1646 Hector,

353 1659 640 1714 Victorem
667 1658 852 1712 Buten
879 1659 1104 1712 immani
1129 1677 1379 1731 corpore,
1408 1661 1502 1730 qui
1528 1677 1587 1716 se

351 1746 626 1814 Bebrycia
649 1745 876 1800 veniens
899 1745 1100 1814 Amyci
1123 1747 1194 1802 de
1215 1754 1383 1817 gente
1414 1749 1648 1818 ferebat,

349 1835 598 1893 Perculit
620 1844 679 1894 et
701 1839 854 1894 fulva
877 1840 1266 1896 moribundum
1291 1841 1543 1896 extendit
1566 1841 1789 1896 harena.

350 1923 494 1980 Talis
515 1926 696 1996 prima
720 1927 894 1982 Dares
923 1934 1091 1997 capnt
1107 1929 1282 1985 altum
1306 1931 1362 1983 in
1389 1930 1600 1998 proelia
1622 1928 1785 1997 tollit,

351 2011 712 2082 Ostenditque
737 2031 960 2069 umeros
982 2015 1140 2084 latos,
1171 2016 1491 2084 alternaque
1514 2016 1687 2068 iactat

351 2097 618 2154 Bracchia
641 2101 994 2169 protendens,
1023 2106 1080 2154 et
1103 2101 1362 2155 verberat
1387 2100 1587 2155 ictibus
1610 2115 1787 2154 aurae.

349 2184 650 2250 Quaeritur
672 2185 802 2240 huic
826 2187 998 2254 alius3
1037 2203 1142 2240 nec
1167 2186 1455 2256 quisquam
1480 2201 1549 2239 ex
1573 2187 1791 2255 agmine
1814 2191 1973 2241 tanto

349 2271 541 2326 Audet
565 2273 718 2328 adire
741 2273 921 2326 virum
947 2273 1306 2342 manibusque
1328 2272 1589 2326 inducere
1618 2278 1848 2327 caestus.

348 2357 499 2428 Ergo
523 2359 734 2424 alacris,
762 2365 1099 2429 cunctosque
1121 2365 1324 2429 putans
1349 2359 1615 2414 excedere
1638 2358 1836 2428 palma,

349 2445 573 2501 Aeneae
597 2446 756 2502 stetit
779 2451 910 2502 ante
934 2446 1116 2516 pedes,
1143 2463 1248 2501 nec
1270 2445 1433 2516 plura
1456 2453 1715 2513 moratus,

347 2529 488 2586 Tum
511 2532 668 2588 laeva
689 2537 910 2586 taurum
935 2549 1106 2588 cornu
1125 2539 1294 2601 tenet,
1323 2539 1490 2603 atque
1512 2533 1595 2588 ita
1615 2533 1791 2588 fatur:

351 2621 386 2647 “
400 2617 548 2674 Nate
573 2619 692 2688 dea,
719 2620 765 2673 si
789 2635 954 2674 nemo
977 2619 1146 2674 audet
1169 2637 1230 2674 se
1251 2620 1479 2675 credere
1502 2635 1735 2689 pugnae,

347 2704 503 2771 Quae
525 2705 652 2760 finis
675 2706 894 2761 standi?
933 2721 1044 2776 quo
1067 2723 1156 2762 me
1181 2706 1344 2761 decet
1369 2723 1539 2776 usque
1562 2707 1774 2762 teneri?

347 2791 564 2848 Ducere
585 2793 733 2847 dona
753 2791 936 2847 iube.'’
1009 2792 1212 2846 Ouncti
1237 2793 1399 2846 simul
1426 2809 1523 2848 ore
1539 2793 1849 2848 fremebant

345 2877 714 2948 Dardanidae,
741 2879 1007 2949 reddique
1029 2881 1151 2934 viro
1174 2881 1447 2948 promissa
1468 2880 1749 2934 iubebant.

347 2964 452 3019 Hic
475 2965 660 3034 gravis
681 2965 966 3019 Entellum
989 2965 1152 3020 dictis
1177 2967 1411 3034 castigat
1438 2965 1683 3034 Acestes,

345 3050 638 3106 Proximus
653 3057 718 3106 ut
739 3051 1014 3106 viridante
1037 3057 1165 3106 toro
1189 3051 1513 3106 consederat
1534 3051 1769 3108 herbae:

347 3137 630 3206 “Entelle,
657 3137 889 3192 heroum
917 3137 1194 3207 quondam
1219 3137 1523 3192 fortissime
1546 3139 1767 3204 flustra,

344 3223 594 3279 Tantane
618 3230 733 3279 tam
757 3224 976 3294 patiens
995 3223 1154 3277 nullo
1181 3225 1487 3278 certamine
1510 3224 1633 3278 tolli

343 3308 510 3364 Dona
531 3311 711 3366 sines?
751 3310 845 3364 ubi
869 3325 1018 3364 nunc
1040 3309 1202 3363 nobis
1226 3309 1362 3363 deus
1386 3307 1481 3364 ille
1502 3310 1767 3379 magister

343 3394 697 3467 Nequiquam
714 3401 1056 3450 memoratus
1077 3395 1268 3462 Eryx?
1305 3395 1403 3451 ubi
1427 3396 1577 3451 fama
1598 3411 1701 3465 per
1725 3409 1949 3449 omnem

343 3481 700 3550 Trinacriam,
729 3487 787 3536 et
811 3481 988 3550 spolia
1009 3480 1106 3534 illa
1129 3481 1242 3534 tuis
1265 3481 1569 3549 pendentia
1590 3481 1789 3536 tectis?
1807 3480 1843 3510 '’

1448 3615 1482 3726 )'

2280 630 2387 683 860

2278 1062 2382 1114 865

2274 1491 2381 1547 870

2272 1927 2377 1984 875

2271 2363 2377 2415 880

2271 2795 2375 2849 885

2270 3227 2377 3277 890
