2725 3892
964 239 1240 291 VERGILI
1283 241 1614 293 AENEIDOS
1660 241 1754 295 111.

343 399 538 472 Urgeri
563 401 714 456 mole
737 400 859 470 hac,
887 401 1274 470 ingentemque
1297 402 1525 472 insuper
1549 403 1790 456 Aetnam

341 489 664 559 Impositum
688 489 872 558 ruptis
893 489 1172 543 flammam
1198 490 1474 558 exspirare
1499 489 1761 558 camini53

341 575 414 629 Et
435 577 645 630 fessum
673 575 929 645 quotiens
951 581 1130 629 mutet
1153 576 1313 644 latus,
1341 577 1641 630 intremere
1665 593 1884 631 omnem

343 659 626 716 Murmure
651 662 1010 730 Trinacriam,
1038 666 1096 716 et
1121 661 1331 716 caelum
1358 663 1649 716 subtexere
1675 663 1847 718 fumo.

343 747 580 802 Noctem
599 747 752 803 illam
777 749 911 802 moti
936 749 1088 802 silvis
1113 749 1377 802 immania
1396 754 1647 803 monstra

343 833 696 902 Perferimua,
725 851 842 906 nec,
873 851 1014 904 quae
1039 835 1282 888 sonitum
1313 835 1408 888 det
1431 851 1607 903 causa,
1636 835 1905 891 videmus,

344 919 484 976 Nam
509 937 688 991 neque
713 927 869 976 erant
892 928 1168 976 astrorum
1192 921 1362 989 ignee,
1392 935 1495 974 nec
1518 920 1733 976 lucidus
1757 922 1952 978 aethra

343 1007 568 1063 Siderea
591 1009 765 1078 polae,
794 1009 1030 1063 obscuro
1055 1008 1154 1062 sed
1179 1007 1373 1061 nubila
1396 1007 1562 1075 caele,

341 1093 414 1148 Et
438 1095 651 1151 Lunam
674 1096 734 1150 in
755 1097 947 1150 nimbo
969 1111 1084 1150 nox
1109 1095 1443 1163 intempesta
1466 1095 1709 1150 tenebat.

313 1189 321 1194 “
409 1181 643 1237 Postera
666 1183 880 1252 iamque
903 1182 1022 1236 (lies
1044 1183 1228 1252 primo
1255 1181 1513 1250 surgebat
1535 1181 1671 1250 Εοο,

341 1267 746 1338 Umentemque
771 1269 994 1324 Aurora
1015 1269 1146 1338 polo
1171 1267 1483 1322 dimoverat
1508 1268 1757 1323 umbram
1780 1287 1793 1324 ε

343 1357 481 1415 Cum
505 1357 690 1411 subito
715 1373 746 1410 e
769 1357 932 1426 silvia,
959 1358 1136 1411 macie
1160 1355 1417 1411 confecta
1444 1371 1713 1426 suprema,

339 1442 526 1513 Ignoti
549 1460 698 1499 nova
719 1445 901 1499 forma
923 1445 1027 1498 viri
1053 1442 1473 1512 miserandaque
1496 1445 1649 1498 cultu

340 1529 598 1585 Procedit
621 1530 964 1600 supplexque
986 1547 1182 1585 manus
1207 1531 1273 1585 ad
1299 1530 1468 1584 litora
1492 1531 1687 1585 tendit.

341 1615 698 1686 Respicimus.
771 1616 912 1672 Dira
935 1617 1168 1672 inluvies
1191 1617 1545 1686 immissaque
1568 1617 1756 1686 barba,

341 1703 668 1758 Consertum
692 1708 953 1772 tegumen
979 1704 1182 1773 spinis;
1223 1709 1281 1757 at
1307 1709 1493 1757 cetera
1518 1701 1735 1772 Graiae,

337 1790 414 1846 Et
434 1791 709 1862 quondam
735 1791 930 1861 patriis
953 1791 1021 1845 ad
1045 1789 1264 1846 Troiam
1287 1792 1484 1844 missua
1506 1789 1567 1842 in
1592 1789 1775 1844 armis,

337 1877 498 1948 Isque
521 1879 616 1933 ubi
639 1877 951 1932 Dardanios
973 1877 1196 1932 habitus
1219 1882 1276 1932 et
1297 1876 1461 1930 Troia
1488 1875 1631 1930 vidit

339 1963 514 2020 Arma
535 1964 743 2034 procul,
771 1963 992 2034 paulum
1017 1969 1242 2034 aspectu
1267 1964 1603 2018 conterritus
1626 1963 1821 2026 haesit,

339 2051 738 2120 Continuitque
760 2050 1024 2120 gradum3
1063 2067 1196 2104 mox
1219 2067 1340 2104 aeae
1363 2049 1435 2104 ad
1460 2049 1628 2104 litora
1652 2065 1915 2119 praeceps

337 2138 480 2193 Cum
503 2137 639 2192 fietu
661 2139 1022 2208 precibusque
1042 2137 1200 2192 tulit:
1244 2137 1278 2166 “
1295 2137 1403 2191 Per
1426 2138 1608 2193 sidera
1631 2143 1824 2208 testor,

336 2223 448 2279 Per
470 2239 700 2293 superos
725 2229 886 2294 atque
909 2223 1019 2278 hoc
1042 2224 1179 2279 caeli
1205 2224 1463 2294 spirabile
1486 2226 1686 2296 lumen,

337 2311 540 2366 Tollite
564 2327 667 2380 me,
697 2309 926 2379 Teucri,
967 2327 1337 2382 quascumque
1368 2313 1623 2367 abducite
1647 2317 1859 2380 terraa;

337 2399 460 2454 Hoc
484 2403 570 2453 sat
594 2399 716 2454 erit.
789 2398 918 2454 Scio
940 2415 1030 2452 me
1053 2399 1264 2454 Danais
1286 2416 1321 2454 e
1346 2399 1611 2454 classibus
1634 2415 1825 2468 unum,

335 2483 410 2539 Et
433 2485 581 2540 bello
605 2484 804 2540 Iliacos
827 2485 1004 2541 fateor
1029 2487 1251 2554 petiisse
1279 2485 1524 2541 Penatis.

336 2570 448 2627 Pro
474 2589 599 2642 quo,
627 2573 672 2626 ai
695 2572 916 2627 sceleris
939 2578 1096 2627 tanta
1123 2579 1208 2627 eet
1230 2573 1433 2628 iniuria
1453 2575 1646 2643 nostri,

339 2657 590 2728 Spargite
613 2675 703 2713 me
729 2659 786 2713 in
809 2658 1023 2727 fluctuS,
1053 2667 1321 2730 vastoque
1345 2661 1659 2730 immergite
1684 2665 1876 2730 ponto.

337 2745 396 2799 Si
419 2761 602 2816 pereo,
631 2745 916 2800 hominum
939 2747 1193 2802 manibus
1219 2747 1447 2818 periisse
1469 2747 1737 2802 iuvabit.”

337 2831 584 2900 Dixerat,
613 2837 672 2888 et
694 2849 874 2902 genua
898 2834 1182 2903 amplexus
1206 2835 1543 2904 genibusque
1564 2835 1821 2890 volutans

337 2917 629 2975 Haerebat.
705 2919 814 2985 Qui
838 2919 924 2988 sit,
951 2920 1071 2990 fari,
1100 2937 1208 2990 quo
1233 2921 1497 2990 sang-uiue
1522 2927 1721 2990 cretus,

337 3005 672 3076 Hortamur3
714 3021 856 3076 quae
878 3006 1078 3062 deinde
1103 3009 1273 3077 agitet
1295 3008 1541 3077 fortuna,
1569 3009 1752 3063 fateri.

337 3093 462 3162 Ipse
485 3100 646 3162 pater
667 3093 919 3149 dextram
945 3093 1234 3162 Anchises,
1261 3093 1412 3149 haud
1436 3094 1612 3148 multa
1634 3099 1895 3163 moratus,

337 3178 449 3232 Dat
470 3180 676 3249 iuveni,
706 3184 874 3249 atque
897 3181 1140 3234 animum
1163 3181 1443 3249 praesenti
1466 3181 1697 3250 pignore
1720 3179 1921 3235 firmat.

335 3263 438 3318 Ille
463 3265 616 3334 haec,
643 3265 898 3336 depossita
920 3265 1146 3321 tandem
1171 3266 1487 3332 formidine,
1516 3268 1699 3322 fatur:

341 3353 374 3380 “
389 3349 523 3405 Sum
548 3353 732 3422 patria
756 3367 826 3406 ex
852 3350 1060 3420 Ithaca,
1089 3367 1272 3406 comes
1295 3351 1529 3406 infelicis
1554 3351 1719 3420 Ulixi,

337 3435 578 3504 Nomine
601 3437 1025 3506 Achemenidee,
1053 3437 1272 3492 Tr0iam
1298 3439 1553 3506 genitore
1578 3439 1885 3493 Adamasto

336 3522 1058 3595 nupero-mansissetque
1081 3523 1292 3578 utinam
1319 3524 1552 3578 fortuna
1566 3523 1952 3592 i—profeetus.

2272 493 2379 546 580

2266 925 2370 978 585

2271 1361 2377 1413 590

2268 1793 2375 1847 595

2270 2225 2373 2280 000

2268 2661 2371 2713 005

2268 3093 2375 3147 010

2270 3515 2373 3568 615
