2725 3892
967 197 1241 264 vanem
1286 197 1616 262 mammos
1658 197 1747 265 iir‘j

338 375 636 431 Candentis
662 358 867 429 vaccae
891 373 1076 429 media
1099 375 1248 429 inter
1273 391 1485 429 cornua
1506 372 1705 441 fundit,

336 461 449 516 Aut
473 467 600 516 ante
627 477 732 516 ora
753 461 918 514 deum
944 462 1164 530 pinguis
1189 463 1463 531 spatiatur
1489 461 1556 516 ad
1584 477 1721 528 aras,

337 537 724 618 Instauratque
746 548 891 602 diem
919 548 1092 617 donis,
1121 548 1505 618 pecudumque
1530 547 1755 602 reclusis

335 633 659 689 Pectoribus
682 634 906 688 inhians
931 635 1200 704 spirantia
1223 635 1464 690 consulit
1488 638 1632 689 exta.

337 719 458 775 Heu
481 727 676 776 vatum
700 721 924 790 ignarae
950 723 1190 776 mentes!
1234 722 1360 791 quid
1390 727 1523 776 vota
1547 721 1843 788 furentem,

338 805 478 870 Quid
503 807 736 861 delubra
759 808 988 862 iuvant?
1062 805 1163 861 Est
1188 807 1371 861 mollis
1395 807 1619 862 flamma
1644 805 1912 862 medullas

337 892 572 962 Interea,
601 899 659 947 et
682 893 916 948 tacitum
943 893 1079 948 vivit
1103 893 1205 948 sub
1230 899 1459 963 pectore
1481 893 1695 948 volnus.

339 977 528 1034 Uritur
551 979 752 1034 infelix
777 979 926 1034 Dido
951 985 1178 1049 totaque
1203 985 1439 1049 vagatur

339 1066 488 1121 Urbe
511 1067 716 1135 furens,
745 1067 921 1136 qualis
946 1067 1194 1121 coniecta
1219 1083 1385 1121 cerva
1409 1067 1626 1137 sagitta,

339 1153 518 1219 Quam
542 1154 734 1224 procul
759 1155 1038 1210 incautam
1063 1169 1290 1208 nemora
1313 1153 1464 1209 inter
1490 1153 1683 1210 Cresia
1705 1153 1828 1210 fixit

337 1239 534 1295 Pastor
559 1257 726 1310 agens
747 1241 890 1310 telis,
919 1240 1185 1311 liquitque
1210 1239 1437 1296 volatile
1462 1242 1675 1296 terrum

337 1325 571 1382 Nescius
591 1347 604 1394 ς
643 1327 738 1383 illa
761 1330 896 1398 fuga
919 1328 1086 1384 silvas
1109 1328 1389 1399 saltusque
1412 1335 1671 1399 peragrat

339 1413 626 1479 Dictaeos3
665 1415 857 1470 haeret
881 1415 1040 1470 lateri
1065 1415 1243 1470 letalis
1269 1415 1538 1472 harundo-

339 1499 502 1556 N'unc
524 1501 708 1556 media
732 1502 961 1557 Aenean
987 1518 1168 1557 secum
1193 1519 1296 1572 per
1318 1503 1541 1557 moenia
1565 1501 1735 1569 ducit,

337 1585 698 1657 Sidoniasque
724 1592 965 1642 ostentat
991 1605 1122 1658 opes
1145 1590 1451 1658 urbemque
1474 1592 1754 1658 paratam;

337 1673 539 1743 Incipit
561 1675 738 1742 effari,
767 1675 1052 1744 mediaque
1075 1677 1134 1730 in
1158 1692 1296 1730 voce
1319 1675 1561 1744 resistit3

337 1760 501 1816 Nunc
525 1761 714 1816 eadem
739 1763 960 1817 labente
984 1761 1074 1816 die
1099 1764 1351 1818 convivia
1376 1763 1607 1833 quaerit,

337 1847 642 1918 Iliacosque
665 1845 1120 1903 iterum‘demens
1145 1849 1332 1904 audire
1355 1849 1576 1905 labores

337 1933 614 2004 Exposuit,
642 1935 956 2005 pendetque
980 1936 1180 1989 iterum
1205 1937 1483 1990 narrantis
1508 1937 1579 1990 ab
1604 1951 1717 1991 ore.

339 2020 486 2090 Post,
507 2022 603 2076 ubi
629 2021 876 2090 digressi,
903 2022 1198 2091 lumenque
1223 2021 1459 2077 obscura
1480 2023 1721 2076 vicissim

337 2105 494 2163 Luna
515 2108 718 2178 premit
739 2109 1084 2178 suadentque
1107 2109 1360 2162 cadentia
1384 2108 1567 2164 sidera
1590 2125 1827 2174 somnos,

337 2195 466 2250 Sola
489 2195 657 2250 domo
685 2201 894 2251 maeret
920 2213 1109 2265 vacua,
1137 2195 1435 2264 stratisque
1462 2196 1671 2251 relictis

339 2281 588 2338 incubat.
661 2283 822 2338 Illum
846 2285 1044 2339 absens
1067 2284 1352 2338 absentem
1382 2283 1643 2354 auditque
1670 2283 1947 2354 videtque,

338 2369 454 2426 Aut
476 2370 690 2440 gremio
717 2370 1033 2439 Ascanium,
1061 2371 1326 2440 genitoris
1351 2372 1591 2442 imagine
1616 2375 1793 2442 capta,

337 2455 578 2526 Detinet,
605 2457 896 2512 infandum
921 2459 968 2513 si
993 2459 1182 2514 fallere
1206 2459 1382 2528 possit
1404 2475 1665 2514 amorem.

337 2543 467 2599 Non
492 2549 722 2615 coeptae
745 2543 1046 2614 adsurgunt
1071 2553 1266 2614 turres,
1297 2563 1411 2601 non
1438 2563 1593 2602 arma
1614 2547 1879 2600 iuventus

335 2629 588 2699 Exercet,
617 2637 878 2701 portusve
903 2638 998 2686 aut
1021 2634 1435 2703 propugnacula
1462 2634 1609 2688 bello

335 2717 480 2772 Tuta
499 2724 735 2788 parant,
775 2717 1022 2788 pendent
1045 2735 1214 2787 opera
1235 2721 1551 2789 interrupta
1572 2723 1864 2791 minaeque

335 2802 619 2857 Murornm
644 2803 898 2873 ingentes
922 2809 1262 2873 aequataque
1286 2804 1543 2858 machina
1565 2804 1735 2858 caelo.

405 2890 582 2956 Quam
609 2889 768 2945 simul
791 2905 856 2944 ac
879 2889 980 2944 tali
1005 2891 1276 2959 persensit
1299 2895 1455 2960 peste
1480 2891 1657 2944 teneri

335 2975 478 3032 Gara
501 2977 650 3032 Iovis
674 2977 934 3044 coniunx,
960 2993 1066 3032 nec
1091 2977 1294 3032 famam
1319 2978 1541 3031 obstare
1562 2977 1757 3043 furori,

338 3061 556 3119 Talibus
579 3063 900 3133 aggreditur
925 3063 1205 3118 Venerem
1233 3064 1495 3118 Saturnia
1517 3062 1709 3118 dictis:

338 3139 683 3220 “Egregiam
709 3167 844 3205 vero
869 3151 1090 3205 laudem
1115 3156 1172 3205 et
1196 3150 1372 3219 spolia
1396 3149 1576 3220 ampla
1600 3151 1821 3205 refertis

333 3233 522 3307 Tuque
545 3254 790 3308 puerque
805 3247 964 3302 tuus3
990 3253 1250 3306 magnum
1275 3242 1332 3291 et
1357 3237 1717 3292 memorabile
1742 3251 1967 3305 numen,

341 3321 460 3380 Una
482 3323 614 3380 dolo
637 3324 827 3378 divom
853 3325 898 3378 si
923 3324 1132 3378 femina
1155 3325 1304 3377 victa
1328 3323 1567 3376 duorum
1590 3328 1693 3379 est.

339 3406 452 3466 Nec
473 3427 567 3466 me
592 3410 732 3467 adeo
756 3409 900 3465 fallit
923 3411 1158 3464 veritam
1181 3413 1240 3463 te
1263 3409 1485 3464 moenia
1506 3413 1700 3464 nostra

335 3496 628 3569 Suspectus
653 3497 910 3552 habuisse
931 3495 1130 3551 domos
1152 3494 1515 3562 Karthaginis
1537 3494 1697 3550 altae.

2302 1154 2375 1213 ¹70

2302 1586 2374 1646 'm
