2725 3892
1043 213 1320 264 venem
1363 213 1740 266 &mnemon
1788 215 1879 266 lv.

445 373 742 444 Accipiunt
764 375 1128 444 redduntque,
1157 374 1249 430 alii
1273 374 1567 430 stridentia
1594 377 1816 444 tingunt

439 459 589 518 Aera
611 460 764 529 lacu3
804 462 978 531 gemit
1000 461 1274 531 impositis
1296 461 1589 516 incudibus
1614 461 1835 528 Aetna;

439 545 525 601 nli
549 547 696 602 inter
720 563 838 602 sese
862 563 1062 616 magna
1085 548 1143 601 vi
1167 548 1431 604 bracchia
1454 547 1661 602 tollunt

439 633 505 687 In
528 650 836 703 numerum,
865 638 1196 705 versantque
1219 635 1398 690 tenaci
1424 635 1633 704 forcipe
1656 636 1901 690 ferrum:

439 719 568 775 Non
591 721 768 790 aliter,
797 721 845 776 si
869 738 1044 790 parva
1065 721 1197 777 licet
1220 737 1557 791 componere
1580 723 1811 792 magnis,

437 805 738 877 Cecropias
757 807 981 863 innatus
1002 824 1136 878 apes
1159 825 1315 863 amor
1341 814 1499 877 urget
1520 809 1779 879 habendi,

436 894 666 950 Hunere
691 911 965 965 quamque
988 911 1104 952 suo.
1181 895 1527 952 Grandaevis
1548 897 1753 967 oppida
1774 913 1955 968 curae,

435 981 510 1036 Et
533 981 750 1036 munire
773 982 948 1051 ravos,
977 986 1034 1036 et
1057 981 1287 1038 daedala
1307 982 1517 1051 fingere
1542 987 1717 1050 tecm

435 1069 519 1124 At
541 1069 720 1124 fessae
741 1067 918 1122 multa
939 1068 1188 1124 referunt
1211 1085 1272 1124 se
1293 1075 1459 1124 nocte
1482 1069 1738 1138 minores,

435 1155 614 1210 Omra
631 1155 826 1224 thymo
849 1155 1071 1224 plenam
1111 1162 1415 1224 pascuntur
1438 1160 1499 1210 et
1520 1156 1719 1212 arbuta
1742 1158 1947 1226 passim

433 1241 510 1296 Et
533 1242 752 1312 glaucas
775 1241 968 1296 salices
991 1241 1304 1312 casiamque
1327 1257 1660 1312 crocumque
1684 1243 1977 1300 rubentem

433 1328 510 1383 Et
533 1330 792 1399 pinguem
817 1329 994 1384 tiliam
1019 1333 1080 1384 et
1099 1328 1445 1398 ferrugineos
1468 1329 1817 1397 hyacinthos.
1908 1387 1917 1394 ,

435 1415 706 1470 Omnibus
728 1431 841 1469 una
863 1415 1022 1484 quies
1043 1431 1290 1484 operum,
1318 1415 1478 1471 labor
1500 1417 1757 1474 omuibus
1782 1433 1951 1474 unus:

434 1499 598 1555 Hane
621 1507 792 1554 ruunt
815 1501 1021 1570 portis3
1061 1515 1330 1569 nusquam
1354 1517 1539 1570 mora,
1580 1517 1771 1556 rursus
1792 1501 2011 1558 easdem

435 1587 650 1657 Vesper
673 1588 770 1642 ubi
795 1603 828 1641 e
851 1591 1013 1657 pastu
1037 1587 1260 1644 tandem
1285 1587 1555 1644 decedere
1578 1589 1789 1658 eampis

431 1673 758 1742 Admonuit,
785 1678 904 1727 tum
930 1678 1082 1729 tecta
1103 1678 1316 1744 petunt,
1343 1678 1465 1728 tum
1488 1691 1724 1745 corpora
1746 1680 1972 1745 curant3

434 1759 526 1814 m
547 1760 775 1828 sonitus,
803 1767 1158 1830 mussantque
1179 1776 1307 1816 oras
1331 1765 1391 1816 et
1410 1760 1609 1818 limina
1630 1763 1855 1820 circum.

433 1847 584 1919 Post,
611 1849 707 1903 ubi
730 1849 842 1904 iam
865 1849 1124 1904 thalamis
1155 1867 1214 1904 se
1241 1867 1615 1920 composuere,
1642 1851 1836 1906 siletur

433 1935 498 1990 In
521 1941 762 2006 noctem,
787 1936 1071 2008 fessosque
1095 1954 1263 2008 sopor
1285 1955 1417 1994 suus
1442 1943 1675 2009 occupat
1696 1943 1866 1992 artus.

437 2023 552 2078 Nec
575 2039 712 2080 vero
734 2039 770 2078 a
791 2024 1022 2080 stabulis
1045 2025 1235 2095 pluvia
1253 2027 1615 2096 impendente
1636 2027 1904 2084 recedunt

431 2109 688 2181 Longius,
717 2117 816 2167 aut
837 2111 1072 2167 credunt
1095 2112 1250 2168 caelo
1273 2113 1701 2170 adventantibus
1722 2114 1885 2170 Euris
1904 2133 1918 2182 ς

432 2197 539 2252 Sed
565 2198 770 2253 circum
795 2203 950 2254 tutae
973 2199 1077 2254 sub
1100 2201 1391 2256 moenibus
1414 2203 1569 2256 urbis
1592 2208 1883 2271 aquantur,

429 2283 816 2356 Excursusque
841 2286 1026 2341 brevis
1049 2291 1341 2358 temptant,
1370 2295 1431 2343 et
1454 2305 1617 2358 saepe
1642 2288 1874 2357 lapillos,

431 2371 510 2425 Ut
533 2373 763 2440 cymbae
787 2373 1072 2430 instabiles
1094 2372 1266 2430 fluctu
1289 2375 1533 2430 iactante
1558 2375 1859 2440 saburram,

429 2457 680 2514 Tollunt:
720 2459 809 2514 his
831 2477 952 2516 sese
975 2477 1077 2530 per
1099 2460 1287 2515 inania
1307 2461 1500 2516 nubila
1522 2461 1744 2516 librant.

431 2545 594 2598 Illum
619 2545 758 2600 adeo
781 2546 1050 2616 placuisse
1073 2547 1269 2616 apibus
1293 2545 1567 2602 mirabere
1590 2561 1819 2614 morem,

431 2629 591 2696 Quod
617 2649 796 2702 neque
819 2633 1114 2688 concubitu
1142 2631 1445 2701 indulgent,
1474 2649 1577 2688 nec
1600 2647 1837 2700 corpora
1858 2647 2056 2700 segnes

431 2716 497 2772 In
520 2717 800 2774 Venerem
825 2718 1066 2788 solvunt,
1095 2724 1196 2774 aut
1217 2719 1369 2774 fetus
1394 2719 1613 2774 nixibus
1636 2719 1825 2786 edunt,

430 2802 642 2858 Verum
665 2805 817 2874 ipsae
839 2821 872 2859 e
895 2803 1042 2859 foliis
1063 2810 1226 2859 natos
1249 2811 1307 2860 et
1329 2806 1589 2860 suavibus
1610 2804 1797 2860 herbis

428 2889 542 2944 Ore
563 2890 771 2960 legunt,
798 2891 949 2960 ipsae
971 2907 1160 2960 regem
1183 2907 1495 2961 parvosque
1518 2891 1763 2958 Quirites

427 2975 732 3045 Sufficiunt,
761 2977 1020 3046 aulasque
1045 2982 1102 3032 et
1123 2993 1284 3032 ceres
1306 2993 1478 3047 regna
1501 2977 1797 3048 refingunt.

425 3063 601 3132 Saepe
625 3064 789 3118 etiam
815 3063 970 3116 duris
991 3063 1227 3120 errando
1249 3064 1311 3118 in
1333 3064 1551 3120 cotibus
1574 3065 1689 3122 alas

425 3151 725 3216 Attrivere,
753 3149 1012 3219 ultroque
1033 3150 1274 3206 animam
1297 3153 1403 3206 sub
1428 3152 1575 3208 fasce
1599 3153 1833 3209 dedere:

423 3237 634 3290 Tantus
658 3251 812 3290 amor
835 3235 1036 3290 florum
1063 3242 1118 3294 et
1142 3239 1447 3307 generandi
1469 3240 1649 3310 gloria
1670 3239 1865 3296 mellis.

423 3321 573 3391 Ergo
597 3323 742 3391 ipsas
767 3323 1016 3390 quamvis
1038 3325 1258 3392 angusti
1283 3327 1557 3382 terminus
1581 3329 1707 3382 aevi

421 3405 928 3478 Excipiet—neque
952 3411 1098 3464 enim
1127 3409 1250 3479 plus
1273 3414 1511 3482 septima
1534 3413 1757 3470 ducitur
1780 3419 2035 3470 aestas-

423 3495 506 3546 At
527 3510 700 3562 genus
723 3495 1036 3551 immortale
1061 3503 1265 3568 manet,
1293 3499 1607 3570 multosque
1633 3517 1731 3570 per
1754 3515 1929 3556 anno·

2366 638 2468 698 1⁷5

2366 1075 2469 1127 180

2364 1504 2467 1563 1⁸5

2362 1941 2467 1994 1⁹0

2359 2377 2461 2430 105

2356 2809 2464 2866 200
