2725 3892
982 207 1259 258 meru
1304 207 1681 258 eucnemon
1727 209 1817 259 III.

382 363 457 421 Ut
483 367 762 438 quondam
786 368 845 423 in
868 367 1087 438 stipulis
1108 383 1341 438 magnus
1364 369 1484 424 sine
1506 369 1714 424 viribus
1737 370 1896 439 ignis,

380 451 663 510 Incassum
685 456 839 510 furit.
912 455 1064 526 Ergo
1086 455 1299 510 animos
1322 472 1630 527 aevumque
1651 457 1874 512 notabis

380 538 712 613 Praecipue;
751 543 881 598 hinc
906 542 1043 598 alias
1066 543 1217 612 artis,
1243 541 1570 613 prolemque
1593 548 1903 613 parentum,

376 626 453 682 Et
476 630 599 698 quis
622 629 819 700 cuique
842 630 1001 686 dolor
1027 629 1191 698 victo,
1220 645 1359 700 quae
1379 629 1561 699 gloria
1583 630 1818 700 palmae.

378 713 579 770 Nonne
603 717 774 786 vides,
800 734 926 772 cum
950 717 1239 788 praecipiti
1264 719 1567 772 certamine
1591 732 1849 787 campum

378 802 710 873 Corripuere
734 809 1011 874 ruuntque
1036 803 1201 858 effusi
1226 819 1451 858 carcere
1475 819 1685 873 currus,

378 888 519 944 Cum
546 906 671 960 spes
696 896 945 946 arrectae
966 890 1245 958 iuvenum,
1274 889 1718 960 exsultantiaque
1740 890 1931 946 haurit

378 975 559 1032 Corda
584 993 756 1046 pavor
780 976 1038 1047 pulsans?
1110 975 1201 1030 mi
1224 977 1440 1032 instant
1461 977 1692 1032 verbere
1715 982 1868 1032 torto

376 1061 449 1116 Et
472 1063 633 1133 proni
656 1063 795 1118 dant
817 1063 967 1131 lora3
1006 1061 1161 1118 volat
1184 1064 1240 1116 vi
1264 1063 1512 1118 fervidus
1533 1063 1684 1130 axis3

376 1147 603 1220 Iamque
624 1148 876 1218 humiles,
904 1150 1125 1220 iamque
1148 1148 1279 1204 elati
1303 1148 1538 1204 sublime
1567 1149 1826 1206 videntur

377 1235 527 1290 Aera
549 1252 649 1306 per
672 1253 907 1292 vacuum
930 1237 1083 1304 ferri,
1113 1241 1279 1306 atque
1304 1235 1600 1305 adsurgere
1624 1237 1682 1290 in
1707 1253 1898 1306 auras3

376 1319 496 1376 Nec
518 1338 689 1392 mora,
717 1339 821 1377 uec
844 1323 1095 1392 requies3
1136 1326 1195 1376 at
1216 1321 1402 1377 fulvae
1425 1321 1646 1378 nimbus
1665 1321 1908 1380 harenae

375 1407 638 1476 Tollitur3
680 1414 969 1464 umescunt
992 1407 1200 1480 spumis
1222 1408 1466 1479 flatuque
1489 1415 1846 1480 sequentum:

375 1493 583 1550 Tantus
606 1511 762 1550 amor
784 1494 1025 1564 laudum,
1054 1499 1241 1550 tantae
1265 1501 1351 1550 est
1375 1496 1614 1551 victoris
1635 1512 1817 1553 curae.

373 1581 595 1638 Primus
618 1581 1013 1637 Erichthonius
1036 1599 1229 1638 currus
1252 1588 1311 1638 et
1334 1587 1595 1653 quattuor
1617 1601 1779 1639 ausus

374 1669 610 1739 Iungere
636 1685 817 1738 equos,
844 1669 1179 1740 rapidusque
1202 1669 1341 1724 rotis
1364 1669 1619 1725 insistere
1643 1671 1839 1727 victor.

372 1755 557 1810 Frena
578 1755 923 1810 Pelethronii
948 1755 1216 1827 Lapithae
1240 1773 1516 1827 gyrosque
1537 1757 1742 1813 dedere

374 1840 621 1912 Impositi
646 1841 826 1905 dorso,
856 1852 1020 1913 atque
1044 1844 1287 1914 equitem
1312 1843 1552 1899 docuere
1575 1845 1678 1899 sub
1703 1847 1872 1900 armis

373 1929 647 1986 Insultare
672 1930 804 2000 solo,
834 1936 892 1986 et
914 1947 1133 2000 gressus
1156 1931 1466 2001 glomerare
1489 1933 1772 2001 superbos.

373 2017 601 2089 Aequus
620 2023 857 2088 uterque
880 2018 1069 2088 labor3
1108 2035 1283 2090 aeque
1306 2019 1674 2090 iuvenemque
1697 2021 1946 2090 magistri

372 2105 686 2177 Exquirunt
709 2105 1055 2177 calidumque
1078 2106 1278 2162 animis
1300 2110 1359 2161 et
1383 2107 1632 2161 cursibus
1655 2123 1852 2176 acrem,

373 2191 637 2260 Quamvis
660 2209 823 2264 saepe
846 2194 979 2264 fuga
1000 2207 1190 2249 versos
1212 2192 1308 2248 ille
1330 2194 1508 2263 egerit
1530 2193 1722 2262 hostis,

370 2275 445 2334 Et
467 2280 705 2348 patriam
729 2278 963 2350 Epirum
986 2281 1213 2348 referat,
1241 2279 1512 2350 fortisque
1535 2279 1814 2348 Mycenas,

370 2362 727 2436 Neptunique
750 2366 871 2436 ipsa
892 2365 1131 2421 deducat
1153 2365 1369 2434 origine
1391 2371 1630 2436 gentem.

440 2451 543 2506 His
565 2451 963 2508 animadversis
982 2452 1197 2508 instant
1216 2453 1321 2508 sub
1342 2457 1578 2523 tempus,
1603 2457 1664 2510 et
1685 2454 1868 2509 omnis

369 2535 709 2608 Impendent
730 2553 892 2592 curas
915 2536 1089 2592 denso
1108 2535 1426 2592 distendere
1449 2537 1658 2608 pingui,

370 2622 548 2690 Quem
570 2621 755 2694 legere
778 2622 975 2679 ducem
1002 2627 1063 2678 et
1080 2623 1273 2694 pecori
1294 2623 1488 2680 dixere
1509 2625 1800 2692 maritum3

366 2709 749 2782 Florentisque
772 2715 961 2766 secant
984 2709 1201 2780 herbas,
1228 2709 1536 2780 fluviosque
1557 2711 1880 2768 ministrant

368 2795 663 2868 Fal-reque,
690 2813 761 2852 ne
786 2795 989 2852 blando
1012 2805 1255 2868 nequeat
1276 2813 1562 2868 superesse
1585 2797 1778 2866 labori,

369 2884 709 2956 Invalidique
733 2889 954 2954 patrum
976 2886 1223 2940 referant
1242 2884 1448 2940 ieiunia
1469 2885 1604 2940 nati.

368 2971 496 3044 Ipsa
518 2977 702 3028 autem
724 2971 901 3027 macie
926 2977 1159 3026 tenuant
1180 2976 1434 3027 armenta
1453 2971 1722 3041 volentes,

368 3057 571 3129 Atque,
598 3058 693 3113 ubi
719 3057 1045 3113 concubitus
1066 3057 1278 3128 primos
1296 3058 1412 3112 iam
1435 3061 1571 3112 nota
1593 3057 1850 3128 voluptas

366 3143 657 3210 Sollicitat,
686 3143 1016 3214 frondesque
1039 3149 1247 3213 negant
1272 3147 1331 3199 et
1354 3143 1603 3200 fontibus
1625 3151 1834 3200 arcent.

366 3229 542 3301 Saepe
566 3231 731 3286 etiam
758 3246 923 3285 cursu
945 3229 1207 3300 quatiunt
1231 3235 1289 3285 et
1308 3229 1426 3286 sole
1451 3230 1700 3300 fatigant,

365 3319 505 3374 Oum
530 3317 775 3386 graviter
798 3317 975 3372 tunsis
998 3318 1171 3386 gemit
1194 3333 1323 3373 area
1344 3317 1615 3388 frugibus,
1645 3323 1702 3372 et
1725 3333 1854 3374 cum

364 3403 693 3473 Surgentem
717 3403 787 3458 ad
812 3401 1125 3472 Zephyrum
1148 3401 1340 3473 paleae
1360 3404 1640 3460 iactantur
1660 3404 1870 3462 inanes.

366 3487 489 3543 Boc
510 3487 739 3558 radunt,
764 3489 939 3544 nimio
958 3503 1033 3544 ne
1054 3488 1187 3544 luxu
1213 3489 1500 3546 obtunsior
1521 3505 1654 3544 usus

2315 461 2418 514 100

2263 895 2414 949 “105

2311 1328 2414 1384 110

2308 1763 2410 1816 115

2307 2196 2408 2249 120

2301 2628 2404 2684 125

2302 3061 2404 3116 180

2295 3493 2398 3547 185
