2725 3892
1003 191 1281 242 vanum
1325 189 1655 244 ammos
1700 191 1740 244 1.

351 353 408 410 Si
433 369 607 424 genus
631 353 934 408 humanum
961 357 1018 406 et
1041 351 1299 408 mortalia
1322 352 1571 406 temnitis
1594 369 1763 420 arma,

351 439 432 494 At
455 445 672 510 sperate
697 439 832 494 deos
855 455 1128 494 memores
1150 439 1308 494 sandi
1333 445 1499 509 atque
1522 439 1767 494 nefandi.

350 526 470 580 Rex
496 532 616 580 erat
642 526 864 581 Aeneas
886 525 1063 593 nobis,
1091 543 1201 595 quo
1225 527 1427 580 iustior
1452 527 1607 594 alter,

351 613 468 667 Nec
492 614 697 682 pietate
721 613 832 666 tuit
857 627 958 667 nec
984 595 1330 666 beffiffi‘ffiaior
1353 617 1412 666 et·
1436 612 1621 666 armis.

351 700 527 765 Quem
551 700 597 753 si
621 699 737 754 fata
759 699 936 752 virum
967 703 1204 768 servant,
1235 699 1280 752 si
1306 699 1551 754 vescitur
1573 713 1709 752 aura
1764 735 1773 742 -

351 785 630 854 Aetheria,
661 801 838 854 neque
861 785 1044 840 adhuc
1071 785 1389 840 crudelibus
1416 784 1652 840 occubat
1674 784 1901 854 umbris,

351 873 404 925 N
407 889 480 926 on
505 878 716 939 metus3
757 871 939 926 officio
964 887 1070 926 nec
1093 877 1152 926 te
1179 877 1419 926 certasse
1441 871 1683 940 priorem

347 957 651 1013 Paeniteat.
727 958 869 1012 Sunt
893 962 951 1012 et
973 957 1173 1012 Siculis
1205 957 1524 1027 regionibus
1552 957 1717 1011 urbes

252 1121 261 1126 ἱ
286 1121 296 1133 ι
347 1047 618 1116 Arvaque,
649 1046 992 1116 Troianoque
1019 1061 1054 1100 a
1077 1046 1346 1114 sanguine
1372 1045 1553 1100 clarus
1578 1044 1825 1099 Acestes.

347 1133 670 1199 Quassatam
697 1134 876 1188 ventis
899 1121 1395 1188 liceat'fsubducere
1422 1131 1671 1200 classem,

346 1217 420 1272 Et
443 1217 596 1272 silvis
618 1223 809 1286 aptare
833 1219 1020 1272 trabes
1043 1204 1102 1274 et
1125 1217 1397 1287 stringere
1420 1231 1617 1283 remos,

345 1305 404 1358 Si
429 1305 596 1360 datur
617 1305 851 1373 Italiam,
879 1305 1008 1358 soci·
1065 1309 1124 1358 et
1147 1319 1278 1374 rege
1301 1306 1546 1386 recepto,

345 1391 606 1458 Tendere,
635 1398 695 1444 ut
721 1390 940 1446 Italiam
1049 1391 1096 1446 ti
1123 1390 1453 1460 Latiumque
1474 1394 1763 1459 petamus,

345 1478 446 1533 Sin
469 1479 760 1548 absumpta
781 1478 941 1545 salus,
963 1483 1022 1532 et
1043 1484 1118 1546 te,
1143 1482 1304 1546 pater
1333 1476 1545 1546 optime
1569 1475 1857 1546 Teucrum,

345 1567 559 1620 Pontus
581 1566 753 1620 habet
775 1565 1000 1634 Libyae,
1027 1581 1130 1620 nec
1145 1580 1274 1634 spes
1289 1565 1403 1618 iam
1424 1569 1599 1617 restat
1622 1561 1745 1629 Iuli,

348 1654 428 1708 At
448 1654 596 1708 freta
618 1653 868 1708 Sicaniae
891 1653 1086 1708 saltem
1113 1651 1375 1720 sedesque
1398 1655 1635 1720 paratas,

348 1739 508 1794 Unde
530 1741 640 1796 huc
665 1740 896 1809 advecti,
924 1754 1220 1808 regemque
1243 1742 1496 1807 petamus
1517 1735 1819 1790 Acesten.”

347 1827 571 1880 Talibus
593 1826 862 1895 Ilioneus,
903 1825 1087 1880 cuncti
1109 1824 1272 1879 simul
1297 1840 1397 1878 ore
1414 1823 1729 1880 tremebant

349 1914 712 1968 Dardanidae.

340 2028 352 2040 =
418 1999 556 2054 Tum
579 1975 822 2055 breviter
845 2000 1009 2070 Dido,
1039 2001 1248 2080 volgum
1275 2002 1525 2072 demisse,
1553 2003 1837 2073 profatur:

351 2093 385 2116 ·‘
405 2087 612 2142 Solvite
637 2087 803 2142 corde
823 2093 1049 2153 metum,
1078 2087 1290 2156 Teucri,
1324 2089 1588 2145 secludite
1612 2107 1786 2146 curas.

348 2173 458 2227 Res
481 2174 620 2228 dura
643 2180 702 2228 et
725 2174 879 2244 regni
905 2175 1125 2230 novitas
1147 2191 1240 2230 me
1263 2176 1404 2230 talia
1427 2184 1632 2247 cogunt

348 2260 549 2327 Moliri,
579 2265 636 2314 et
659 2259 769 2314 late
793 2259 920 2312 finis
943 2259 1171 2313 custode
1193 2261 1355 2314 tueri.

351 2347 486 2411 Quis
508 2363 680 2416 genus
705 2344 1046 2414 Aeneadum,
1075 2346 1198 2414 quis
1221 2346 1417 2399 Troiae
1440 2346 1651 2398 nesciat
1676 2345 1886 2412 urbem,

351 2431 710 2502 Virtutesque
735 2432 1005 2500 virosque,
1036 2437 1132 2486 aut
1155 2432 1300 2486 tanti
1325 2432 1577 2486 incendia
1605 2431 1765 2485 belli?

351 2519 480 2573 Non
506 2519 744 2573 obtunsa
767 2518 904 2572 adeo
931 2523 1210 2586 gestamus
1233 2525 1463 2587 pectora
1486 2517 1677 2584 Poeni,

352 2605 404 2658 N
407 2621 470 2660 ec
493 2609 608 2659 tam
633 2621 855 2658 aversus
881 2619 1050 2674 equos
1075 2605 1240 2672 Tyria
1263 2603 1360 2658 Sol
1384 2603 1563 2671 iungit
1586 2602 1657 2656 ab
1682 2601 1839 2657 urbe.

351 2692 459 2746 Seu
483 2709 585 2746 vos
611 2691 934 2760 Hesperiam
959 2707 1220 2760 magnam
1247 2689 1611 2757 Saturniaque
1636 2703 1785 2756 arva,

351 2779 480 2832 Sive
504 2779 699 2845 Erycis
722 2778 851 2832 finis
874 2793 1170 2846 regemque
1197 2777 1405 2845 optatis
1428 2776 1688 2841 Acesten,

353 2863 578 2918 Auxilio
605 2869 756 2919 tutos
779 2865 1070 2933 dimittam,
1105 2865 1409 2932 opibusque
1434 2861 1655 2916 iuvabo.

353 2951 539 3006 Voltis
563 2957 620 3005 et
644 2951 730 3005 his
754 2967 970 3005 mecum
997 2951 1205 3020 pariter
1233 2948 1519 3002 considere
1544 2949 1756 3014 regnis:

355 3039 555 3091 Urbem
584 3053 746 3106 qnam
771 3041 970 3104 statuo,
997 3041 1182 3090 vestra
1209 3041 1322 3102 θεὲ-ς
1363 3033 1653 3088 subducite
1677 3035 1867 3102 navis3

352 3123 488 3175 Tros
513 3122 816 3191 Tyriusque
843 3122 977 3176 mihi
1001 3121 1156 3174 nullo
1183 3119 1500 3172 discrimine
1526 3127 1735 3188 agetur.

357 3211 536 3277 Atque
561 3209 772 3262 utinam
800 3225 898 3261 rex
924 3209 1040 3276 ipse
1067 3206 1219 3260 Noto
1247 3205 1565 3273 compulsus
1590 3206 1785 3260 eodem

342 3283 594 3348 ⁸Adforet
617 3295 862 3350 Aeneas!
939 3292 1212 3362 Equidem
1235 3309 1336 3360 per
1360 3292 1527 3348 litora
1549 3299 1732 3346 certos

351 3381 641 3434 Dimittam
665 3386 722 3434 et
746 3379 952 3447 Libyae
975 3379 1212 3433 lustrare
1237 3383 1487 3433 extrema
1509 3379 1731 3448 iubebo,
1818 3385 1827 3396 ⁶

351 3463 408 3517 Bi
434 3464 860 3532 quibus·eiectus
885 3464 1038 3518 silvis
1061 3469 1158 3518 ant
1179 3463 1411 3518 urbibus
1434 3463 1640 3518 errat.”

2280 615 2385 667 545

2278 1913 2385 1966 560

2282 2347 2388 2398 1565

2280 2777 2389 2834 570

2282 3209 2389 3264 5⁷5
