2725 3892
1003 209 1292 263 mem·
1310 210 1655 267 :malms
1699 212 1788 263 xl.

383 370 611 442 Armet,
639 370 810 427 Iliueo
833 370 1108 429 tumidum
1135 372 1227 441 qui
1249 388 1499 429 erescere
1522 366 1793 441 Thybrim

380 456 659 527 Sanguine
681 461 740 511 et
761 455 1006 511 Euandri
1030 462 1204 511 totam
1229 474 1354 513 oum
1382 458 1555 528 stirpe
1584 458 1798 513 videbit

379 543 744 599 Procubuisse
769 543 1010 612 domum,
1039 548 1204 613 atque
1227 550 1427 599 exutos
1453 545 1701 601 Arcadas
1718 544 1919 601 usmis?

381 629 544 697 Haud
569 631 650 685 ita
671 647 764 685 me
787 630 1002 699 experti
1025 630 1202 687 Bitias
1227 636 1284 685 et
1308 630 1597 691 Pandarus
1616 633 1825 707 ingenS,

380 717 454 770 Et
477 734 612 787 quos
633 718 785 772 mille
809 716 900 771 die
927 718 1102 773 vietor
1124 718 1226 771 sub
1251 718 1481 777 Tartara
1504 719 1627 773 misi

379 803 632 859 In'olusus
654 804 826 859 muris
851 803 1147 874 hostilique
1173 821 1373 874 aggere
1396 811 1635 874 saeptus.

383 894 398 919 ⁴
415 890 584 945 Nulla
605 891 750 945 salus
774 890 957 947 be110.'
1032 890 1217 961 Capiti
1241 908 1381 949 eane
1406 892 1555 960 talia,
1582 892 1823 957 demens,

378 976 663 1032 Dardanio
685 977 956 1047 rebusque
982 980 1109 1033 tuis.
1183 977 1429 1033 Proinde
1453 979 1641 1035 omnia
1663 994 1865 1048 magno

379 1062 470 1118 Ne
492 1080 643 1119 oessa
666 1065 890 1120 turbare
915 1070 1082 1134 metu,
1111 1069 1278 1134 atque
1299 1065 1567 1121 extollere
1591 1064 1725 1119 viris

380 1150 580 1205 Gentis
601 1151 688 1206 bis
709 1150 906 1219 vietae,
933 1157 1128 1207 eontra
1152 1167 1405 1220 premere
1428 1168 1583 1207 arma
1606 1152 1809 1207 Latini.

379 1236 546 1292 Nune
571 1242 628 1292 et
650 1236 1062 1305 Myrmidonum
1087 1254 1348 1308 proceres
1368 1238 1617 1307 Phrygis
1638 1256 1793 1293 arma
1816 1245 2151 1297 tremescunt

379 1320 546 1378 Nune
570 1328 630 1378 et
653 1321 892 1391 Tydides
917 1329 973 1379 et
1003 1324 1294 1395 Larisaeus
1315 1325 1581 1395 Achilles,

381 1410 582 1465 Amnis
607 1416 664 1465 et
689 1410 990 1483 Hadriacas
1013 1416 1168 1485 retro
1189 1413 1336 1483 fugit
1358 1412 1597 1468 Aufidus
1620 1412 1811 1469 undas.

381 1493 490 1549 Vel
516 1510 640 1549 cum
667 1512 726 1549 se
750 1494 1012 1565 pavidum
1037 1502 1233 1551 eontra
1254 1514 1379 1553 mea
1401 1497 1577 1566 iurgia
1599 1497 1759 1567 fingit

381 1581 628 1637 Artificis
649 1579 844 1649 scelus,
871 1588 928 1637 et
951 1584 1246 1639 formidine
1269 1578 1481 1645 crimen
1504 1584 1743 1651 acerbat.

378 1668 694 1739 Numquam
721 1670 958 1725 animam
982 1670 1146 1725 talem
1173 1670 1371 1725 dextra
1394 1672 1774 1727 hae—absiste
1796 1670 2077 1727 moveri-—

379 1755 654 1823 Amittes3
697 1757 910 1812 habitet
933 1764 1132 1825 tecum,
1161 1764 1216 1813 et
1242 1759 1312 1811 sit
1335 1764 1559 1827 pectore
1584 1758 1643 1811 iu
1666 1760 1791 1813 isto.

379 1842 544 1899 Nune
567 1844 638 1899 ad
662 1849 736 1913 te,
764 1851 822 1899 et
844 1850 941 1900 tna
965 1860 1178 1914 magna,
1206 1851 1383 1914 pater,
1411 1845 1663 1919 consulta
1686 1852 1949 1901 revertor.

379 1931 441 1986 Si
463 1930 672 1987 nullam
697 1932 904 1986 nostris
929 1931 1075 1987 ultra
1097 1948 1252 2001 spem
1283 1934 1445 2002 ponis
1468 1932 1528 1985 in
1553 1932 1735 1999 armis,

381 2017 440 2075 Si
465 2026 580 2075 tam
603 2020 808 2095 deserti
833 2038 1036 2090 sumus,
1065 2026 1122 2075 et
1147 2019 1315 2081 semel
1341 2020 1558 2088 agmine
1582 2036 1743 2073 verso

379 2104 650 2161 Funditus
673 2108 986 2175 occidimus,
1013 2124 1192 2176 neque
1215 2106 1387 2161 habet
1410 2106 1657 2159 Fortuna
1681 2121 2008 2174 regressum,

381 2192 618 2249 Oremus
643 2210 848 2264 paoem,
877 2200 934 2250 et
959 2194 1182 2249 dextras
1208 2193 1499 2247 tendamus
1522 2191 1731 2247 inertis.

381 2279 746 2349 Quamquam,
775 2298 810 2336 o
835 2282 880 2336 si
906 2281 1098 2337 solitae
1123 2280 1415 2350 quiequam
1440 2278 1663 2336 virtutis
1687 2278 1905 2333 adesset

377 2364 481 2421 Ille
505 2366 644 2421 mihi
668 2353 796 2423 ante
822 2368 960 2423 alios
981 2369 1405 2436 fortunatusque
1426 2366 1679 2421 laborum

377 2452 754 2524 Egregiusque
775 2455 962 2527 animi,
991 2456 1100 2524 qui,
1129 2470 1201 2508 ne
1226 2453 1358 2533 quid
1385 2452 1495 2508 tale
1521 2452 1749 2521 videret,

377 2538 684 2595 Procubuit
707 2542 964 2621 moriens,
993 2547 1052 2595 et
1076 2542 1306 2595 humum
1333 2540 1503 2605 semel
1528 2556 1626 2618 ore
1648 2538 1965 2595 momordit.

379 2626 476 2682 Sin
500 2634 558 2683 et
581 2616 713 2698 opes
735 2628 898 2703 nobis
920 2633 980 2685 et
1002 2628 1183 2684 adhue
1205 2630 1423 2699 intacta
1442 2628 1716 2695 iuventus,

377 2713 714 2787 Auxilioque
737 2716 904 2771 nrbes
925 2715 1100 2773 Italae
1121 2716 1423 2787 populique
1446 2718 1757 2785 supersunt,
1870 2725 1875 2731 '

377 2799 474 2854 Sin
497 2806 556 2855 et
579 2800 832 2857 Troianis
853 2818 980 2857 cum
1001 2801 1180 2857 multo
1202 2801 1381 2871 gloria
1403 2800 1559 2857 venit

376 2886 854 2957 Sanguine—sunt
879 2888 988 2945 illis
1009 2904 1108 2943 suu
1129 2888 1340 2956 funera,
1370 2904 1581 2957 parque
1603 2902 1703 2957 per
1727 2886 1907 2941 omnis

375 2972 864 3043 Tempestas—eur
886 2974 1172 3029 indecores
1193 2974 1252 3029 in
1275 2972 1467 3029 limine
1488 2974 1673 3044 primo
1780 3016 1785 3019 -

375 3059 714 3115 Definimus?
753 3076 852 3115 our
875 3067 1008 3116 ante
1031 3066 1090 3115 tu
1099 3062 1224 3115 bam
1249 3066 1461 3116 tremor
1485 3065 1723 3130 occupat
1746 3059 1937 3115 artus?

373 3145 552 3201 Multa
575 3146 694 3202 dies
716 3147 964 3217 variique
987 3146 1146 3201 labor
1168 3147 1451 3202 mutabilis
1474 3148 1599 3203 aevi

375 3232 616 3287 Rettulit
639 3234 696 3287 in
721 3232 949 3301 melius3
987 3233 1192 3289 multos
1217 3232 1432 3288 alterna
1452 3234 1700 3287 revisens

371 3316 530 3373 Lusit
554 3325 612 3373 et
635 3319 690 3373 in
717 3319 896 3375 solido
918 3336 1108 3373 rursus
1131 3318 1383 3373 Fortuna
1404 3319 1629 3373 locavit.

373 3403 504 3469 Non
530 3406 638 3461 erit
661 3405 866 3461 auxilio
891 3406 1052 3461 nobis
1077 3403 1314 3459 Aetolus
1339 3409 1397 3458 et
1421 3404 1596 3474 Arpi:

375 3490 458 3545 At
479 3491 764 3563 Messapus
786 3492 912 3559 erit,
938 3492 1180 3560 felixque
1205 3488 1541 3556 Tolumnius,
1570 3494 1629 3543 et
1652 3504 1791 3558 quos

315 1464 376 1506 2

2310 548 2421 615 895,

2304 1416 2407 1469 406

2304 1848 2409 1899 410

2304 2282 2407 2333 415

2303 2716 2408 2769 420

2304 3145 2407 3195 425
