2725 3892
1011 188 1286 241 vntum
1329 188 1661 239 minues
1704 190 1793 239 lx.

391 348 575 403 Unum
600 365 728 403 oro:
769 348 1022 417 genetrix
1046 347 1256 401 Priami
1282 348 1352 401 de
1378 352 1543 417 gente
1567 353 1789 403 vetusta

387 435 488 489 Est
511 434 664 503 mihi,
693 450 856 503 quam
879 434 1138 487 miseram
1163 434 1343 487 tenuit
1368 450 1481 487 non
1504 433 1611 488 Ilia
1632 434 1798 487 tellus

387 522 604 577 Mecum
631 520 1008 589 excedentem,
1039 536 1154 573 non
1178 520 1401 575 moenia
1423 520 1569 589 regis
1595 521 1863 575 Acestae:

387 609 545 663 Hanc
569 624 672 675 ego
693 622 841 661 nunc
863 607 1116 675 ignaram
1142 606 1308 660 huius
1333 606 1717 677 quodcumque
1740 605 1935 677 pericli
1962 612 2049 661 est

387 695 563 764 Inque
586 693 882 747 salutatam
907 686 1130 763 linqu03
1172 691 1301 746 Nox
1327 696 1387 746 et
1410 699 1509 747 tua
1536 692 1693 747 testis

387 781 645 849 Dextera,
671 779 818 849 quod
841 770 1110 848 'nequeam
1113 734 1393 842 lacrimas
1418 779 1670 847 perterre
1693 780 1973 859 parenti83

386 868 468 922 At
491 873 569 935 tu,
591 882 715 940 oro,
729 866 961 942 -sqlare
947 882 1188 937 inopem,
1219 870 1276 919 et
1303 881 1565 921 succurre
1590 866 1832 921 relictae.

386 954 546 1010 Hanc
569 947 688 1007 sine
711 969 802 1007 me
826 970 982 1023 spem
1007 938 1180 1007 ferre!
1181 949 1291 1007 tui:
1333 952 1630 1009 audentior
1654 948 1749 1011 ibo

386 1041 452 1096 In
480 1042 637 1096 casu's
661 1041 857 1095 omnis.
864 1040 896 1068 ”
967 1039 1236 1095 Percussa
1261 1046 1451 1095 mente
1474 1040 1679 1097 dedere

385 1128 736 1184 Dardanidae
760 1126 1050 1195 lacrimas,
1094 1132 1225 1181 ante
1249 1127 1431 1182 omnis
1455 1127 1685 1198 pulcher
1707 1128 1875 1197 Iulus,

385 1216 574 1285 Atque
599 1216 844 1269 animum
867 1213 1084 1284 patriae
1111 1213 1338 1269 strinxit
1362 1215 1587 1285 pietatis
1610 1216 1812 1285 image.

387 1303 526 1358 Tum
550 1303 629 1356 sic
651 1302 885 1356 effatur:

389 1393 424 1421 ‘⁶
443 1389 667 1459 Sponde
692 1388 860 1457 digna
884 1389 995 1444 tuis
1021 1391 1340 1459 ingentibus
1363 1392 1553 1445 omnia
1576 1391 1805 1461 coeptis.

385 1477 640 1547 Namque
664 1476 774 1531 erit
798 1478 906 1532 ista
927 1478 1067 1533 mihi
1093 1480 1359 1549 genetrix,
1389 1494 1701 1549 nomenque
1726 1478 1965 1533 Creusae

387 1563 574 1619 Solum
599 1561 866 1665 deguerit,
891 1581 995 1619 nee
1022 1570 1246 1637 partum
1271 1565 1451 1635 gratia
1475 1565 1639 1621 talem

384 1652 565 1712 Parva
590 1622 792 1729 manet.
870 1653 1042 1707 Casus
1066 1643 1280 1708 factum
1305 1654 1637 1723 quicumque
1664 1656 1973 1720 sequentur,

384 1738 494 1794 Per
518 1744 690 1806 caput
709 1720 856 1793 hoc
842 1756 980 1813 iuro,
1013 1756 1116 1811 per
1141 1740 1286 1829 quod
1290 1746 1487 1826 pater
1486 1743 1625 1813 ante
1652 1738 1896 1837 solebat3

386 1826 543 1899 Quae
565 1826 670 1881 tibi
695 1824 960 1896 polliceor
985 1828 1175 1882 reduci
1201 1802 1487 1901 rebusque
1494 1801 1776 1894 secundis,

385 1916 540 1973 Haec
563 1917 758 1973 eadem
788 1916 1063 1987 matrique
1090 1920 1219 1970 tuae
1246 1914 1546 1984 generique
1570 1911 1908 1967 manebunt)
1893 1910 1927 1938 ”

385 2002 477 2058 Sic
501 2005 580 2059 ait
603 2004 994 2071 inlacrimans3
1036 2019 1231 2057 umero
1257 2001 1422 2056 simul
1448 2002 1601 2055 exuit
1626 2016 1849 2068 ensem,

384 2064 676 2162 Auratum,
705 2094 848 2147 mira
866 2110 1027 2162 quem
1053 2092 1266 2145 fecerat
1291 2094 1410 2144 arte
1432 2088 1657 2157 Lycaon

386 2181 620 2239 Gnosius
645 2189 809 2255 atque
831 2184 1076 2239 habilem
1103 2181 1302 2256 vagina
1325 2182 1543 2245 aptarat
1568 2175 1793 2233 eburna.

383 2267 498 2323 Dat
518 2265 659 2325 Niso
683 2270 1006 2327 Mnestheus
1033 2269 1232 2339 pellem
1257 2262 1648 2330 horrentisque
1672 2261 1847 2315 leonis

381 2353 657 2425 Exuvias'3
699 2356 910 2423 galeam
935 2357 1080 2411 fidus
1106 2356 1389 2424 permutat
1413 2347 1625 2401 Aletes.

383 2438 644 2495 Protinus
669 2444 866 2496 armati
893 2442 1190 2507 incedunt3
1235 2452 1373 2507 quos
1398 2433 1580 2489 omnis
1604 2432 1784 2486 euntis

382 2524 693 2581 Primorum
717 2544 914 2582 manus
937 2528 1004 2583 ad
1031 2532 1237 2595 portas,
1267 2524 1639 2588 iuvenumque
1665 2531 1977 2585 senumque,

383 2610 738 2684 Prosequitur
763 2614 923 2669 votis.
997 2612 1120 2668 Nec
1143 2628 1258 2667 non
1283 2616 1342 2665 et
1363 2604 1597 2677 pulcher
1620 2603 1789 2670 Iulus,

381 2699 536 2754 Ante
558 2717 732 2755 annos
755 2691 1110 2771 animumque
1131 2712 1328 2768 gerens
1353 2708 1653 2763 curamque
1676 2688 1907 2756 virilem,

381 2784 560 2841 Multa
581 2788 728 2857 patri
749 2785 1012 2844 mandata
1033 2786 1203 2842 dabat
1228 2776 1521 2857 fiel-tanda.
1598 2776 1709 2835 Sed
1732 2790 1899 2831 aurae

383 2872 586 2929 Omnia
607 2874 941 2945 discerpunt,
973 2878 1031 2931 et
1053 2872 1296 2927 nubibus
1319 2870 1491 2949 inrita
1514 2867 1745 2923 donant.

449 2961 668 3031 Egressi
693 2959 956 3033 superant
980 2962 1173 3029 fossas,
1205 2956 1495 3027 noctisque
1520 2971 1621 3025 per
1646 2951 1897 3007 umbram

383 3048 580 3105 Oastra
601 3048 824 3105 inimica
844 3051 1058 3118 petunt,
1087 3046 1277 3102 multis
1301 3050 1491 3099 tamen
1516 3046 1647 3097 ante
1672 3038 1849 3095 futuri

381 3135 588 3211 Exitio,
655 3136 867 3192 Passim
893 3152 1088 3190 somno
1112 3136 1352 3203 vinoque
1378 3145 1478 3201 per
1501 3128 1734 3183 herbam
1788 3121 1793 3130 '

383 3222 532 3293 Oorp
571 3239 633 3278 ra
654 3224 781 3278 fusa
803 3224 1010 3292 vident,
1041 3228 1285 3277 arrectos
1307 3218 1473 3273 litore
1499 3232 1708 3283 currus,

383 3241 683 3370 Intexyffira
705 3294 962 3380 rotasque
987 3310 1152 3376 viros,
1181 3303 1345 3362 simul
1368 3320 1524 3360 arma
1546 3303 1744 3367 iacere,

382 3397 535 3453 Vina
559 3398 740 3453 simul.
811 3396 974 3452 Prior
998 3394 1328 3473 Hyrtacides
1353 3392 1433 3446 sic
1446 3408 1553 3450 ore
1576 3388 1825 3444 locutus·

385 3488 421 3513 “
439 3482 694 3555 Euryale,
721 3482 1034 3539 audendum
1060 3482 1286 3565 dextta;
1325 3496 1475 3536 nunc
1500 3478 1621 3550 ipsa
1642 3478 1808 3531 vocat
1831 3488 1939 3525 res.

2317 436 2491 507 285>

2316 870 2423 921 290

2314 1305 2417 1357 295

2314 1738 2419 1789 800

2314 2172 2417 2223 305

2311 2604 2415 2655 810

2310 3037 2413 3087 815

2312 3469 2417 3521 320
