2725 3892
1029 181 1304 234 vanum
1349 182 1677 235 summos
1722 183 1761 236 1.

293 374 302 382 ·
375 343 721 416 Insequitur?
758 361 900 415 quae
925 344 1010 398 vis
1031 343 1366 400 immanibus
1390 343 1634 413 applicat
1658 343 1807 399 oris?

373 430 527 487 Tune
549 431 644 485 ille
667 429 902 500 Aeneas,
931 447 1098 500 quem
1119 429 1404 484 Dardanio
1432 429 1711 486 Anchisae

379 517 541 572 Alma
564 515 760 572 Venus
783 515 1016 586 Phrygii
1038 517 1230 586 genuit
1253 515 1556 570 Simoentis
1580 515 1651 572 ad
1677 515 1915 571 undam!

373 605 560 672 Atque
584 601 836 672 equidem
863 601 1133 658 Teucrum
1155 603 1381 658 memini
1410 602 1617 686 Sidona
1641 602 1845 671 venire,

373 689 600 745 Finibus
623 689 910 760 expulsum
936 690 1148 760 patriis,
1173 695 1322 744 nom
1345 705 1517 758 regna
1538 693 1821 759 petentem

373 775 600 830 Auxilio
625 775 779 843 Beli3
819 776 1039 844 genitor
1063 783 1184 829 tum
1210 773 1378 836 Belus
1404 775 1645 844 opimam
1668 759 1685 773 ⁴

375 861 647 918 Vastabat
671 862 933 932 Cyprum,
961 866 1021 916 et
1047 861 1222 916 victor
1251 860 1471 918 dicione
1498 863 1736 920 tenebat.

371 947 644 1018 Tempore
665 947 778 1002 iam
801 964 870 1002 ex
895 948 992 1002 illo
1017 963 1176 1002 casus
1199 947 1336 1002 mihi
1361 948 1619 1026 cognitus
1640 949 1795 1004 urbis

371 1034 638 1090 Troianae
661 1049 974 1104 nomenque
999 1039 1158 1088 tuum
1183 1049 1449 1104 regesque
1472 1033 1703 1104 Pelasgi.

310 1148 319 1154 -
371 1121 498 1191 Ipse
519 1119 694 1176 hostis
717 1119 958 1176 Teucros
979 1120 1182 1190 insigni
1205 1119 1369 1176 laude
1390 1121 1621 1191 ferebat,

369 1207 547 1277 Seque
571 1193 756 1262 ffftnm
779 1209 1008 1278 antiqua
1033 1207 1371 1266 Teucrorum
1396 1210 1468 1266 ab
1492 1210 1665 1280 stirpe
1688 1209 1927 1265 volebat.

371 1293 555 1359 Quare
579 1294 744 1363 agite,
772 1311 809 1348 o
831 1295 1006 1362 tectis,
1035 1295 1278 1367 iuvenes,
1309 1295 1589 1352 succedite
1611 1296 1835 1352 nostris.

371 1379 462 1437 Me
485 1396 703 1450 quoque
726 1395 826 1450 per
849 1383 1051 1438 multos
1079 1383 1274 1438 similis
1297 1383 1523 1438 fortuna
1544 1382 1763 1438 labores

236 1461 306 1497 ‘⁹'
331 1466 636 1547 7Ia0tatam
659 1466 765 1538 liae
791 1467 1009 1522 demum
1037 1469 1218 1526 voluit
1243 1471 1543 1526 consistere
1566 1475 1733 1524 terra.

341 1551 498 1607 ‘Non
521 1552 717 1622 ignara
733 1552 864 1608 mali
891 1555 1100 1610 miseris
1126 1573 1447 1612 succurrere
1472 1556 1679 1612 disco.”

367 1639 460 1694 Sic
483 1645 783 1707 memorat3
825 1641 984 1696 simul
1011 1641 1240 1700 Aenean
1265 1644 1325 1698 in
1351 1643 1503 1712 regia
1525 1641 1681 1717 ducit

367 1725 547 1794 Tecta,
577 1725 739 1780 simul
763 1726 950 1782 divom
977 1729 1199 1800 templis
1225 1728 1421 1784 indicit
1445 1729 1731 1784 honorem.
1812 1769 1871 1790 Μ

369 1814 694 1876 Nemminns
721 1817 930 1872 interea
955 1816 1116 1872 sociis
1140 1815 1210 1870 ad
1235 1816 1400 1871 litora
1422 1815 1598 1870 mittit

367 1901 586 1972 Viginti
609 1910 814 1973 tauroS,
843 1919 1170 1973 magnorum
1196 1893 1487 1958 horrentia
1509 1908 1733 1958 centum

213 2060 224 2076 ι
309 2014 317 2022 «
341 1989 542 2060 ,Terga
563 2007 740 2066 epum,
768 1991 988 2060 pinguis
1012 1995 1233 2046 centnm
1259 2006 1386 2046 cum
1412 1991 1683 2046 matribus
1707 2007 1893 2059 agnos,
1921 2001 1949 2042 κ’

366 2074 598 2132 Munera
619 2077 996 2146 laetitiamque
1019 2077 1114 2132 dii.

364 2165 446 2218 At
469 2163 667 2218 domus
689 2164 922 2219 interior
944 2164 1116 2234 regali
1140 2163 1429 2234 splendida
1448 2163 1583 2218 luxu

365 2251 676 2319 Instruitur,
703 2253 1006 2323 mediisque
1029 2257 1228 2322 parant
1253 2251 1509 2307 convivia
1532 2251 1723 2305 tectis:

364 2339 505 2392 Arte
527 2337 808 2394 laboratae
831 2343 1012 2394 vestes
1040 2343 1300 2408 ostroque
1326 2337 1582 2407 superbo,

363 2423 566 2493 Ingens
589 2431 875 2494 argentum
904 2415 1123 2494 mensis,
1155 2423 1473 2492 caelataque
1498 2424 1555 2477 in
1580 2439 1717 2478 auro

362 2508 552 2565 Fortia
575 2511 722 2566 facta
744 2518 980 2582 patrum,
1009 2511 1178 2566 series
1203 2509 1523 2578 longissima
1543 2525 1730 2563 rerum

361 2594 471 2652 Per
491 2601 580 2652 tot
603 2597 770 2653 ducta
795 2599 938 2654 viros
963 2600 1221 2672 antiquae
1250 2600 1320 2654 ab
1345 2597 1559 2665 origine
1588 2596 1785 2666 gentis.

337 2729 344 2738 .
432 2682 901 2754 Aeneas—neque
925 2685 1070 2740 enim
1097 2685 1311 2756 patrius
1339 2683 1642 2740 consistere
1665 2688 1909 2738 mentem

362 2767 562 2824 Passus
578 2771 1054 2840 amor—rapidum
1082 2771 1154 2826 ad
1179 2771 1337 2826 navis
1361 2767 1673 2840 praemittit
1698 2767 1969 2835 Achaten,

363 2856 604 2912 Ascanio
626 2857 767 2912 ferat
788 2857 942 2923 haec,
969 2857 1257 2927 ipsumque
1283 2855 1354 2912 ad
1385 2855 1603 2911 moenia
1626 2853 1824 2909 ducat:

361 2942 556 2997 Omnis
578 2943 636 2996 in
657 2933 904 2997 'Escanio
928 2943 1040 2998 cari
1063 2948 1177 2998 stat
1202 2959 1335 2998 cura
1358 2941 1619 3013 parentis.

359 3027 592 3084 Munera
615 3033 914 3099 praeterea,
938 3029 1116 3084 iliacis
1141 3033 1336 3098 erepta
1353 3029 1547 3098 ruinis,

359 3113 524 3169 Ferre
547 3115 716 3182 iubet,
746 3115 946 3189 pallam
971 3115 1141 3183 signis
1165 3131 1411 3184 auroque
1430 3116 1721 3186 rigentem,

359 3200 432 3254 Et
455 3201 873 3257 circumtextum
902 3217 1095 3256 croceo
1119 3199 1372 3256 velamen
1396 3201 1652 3270 acanth0‚

358 3286 600 3340 Ornatus
627 3285 868 3354 Argivae
896 3285 1152 3354 Helenae,
1181 3276 1321 3355 q'uos
1345 3287 1439 3344 illa
1461 3287 1725 3356 Mycenis,

357 3370 627 3440 Pergama
650 3389 774 3426 cnm
799 3377 1015 3441 peteret
1037 3373 1491 3444 inconcessosque
1517 3373 1881 3444 Hymenaeoe,

355 3455 658 3526 Extulerat,
685 3460 880 3513 matris
905 3459 1082 3514 Ledae
1107 3459 1358 3515 mirabile
1384 3461 1623 3528 donum;

2302 697 2406 750 620

2301 1130 2403 1182 625

2298 1562 2401 1613 680

2295 1995 2398 2047 635

2291 2861 2394 2948 5345

2290 3292 2395 3344 650
