2725 3892
984 199 1261 252 vanem
1303 195 1681 250 (monumen
1722 196 1815 249 tv.

378 365 497 420 Aut
519 364 716 433 dirum,
743 364 942 431 tineae,
969 377 1157 432 genus,
1184 365 1284 416 aut
1303 359 1483 416 invise
1503 357 1787 414 Minervae

375 451 555 525 Laxos
576 452 635 506 in
659 451 876 506 toribus
899 449 1186 519 suspendit
1208 463 1415 504 aranea
1434 446 1623 501 cassis.

375 537 502 604 Quo
525 537 700 606 magis
723 537 1024 593 exhaustae
1045 534 1275 602 tuerint,
1304 532 1413 588 hoc
1438 531 1619 588 acrius
1642 547 1837 586 omnes

375 625 703 680 Incumbent
725 623 944 694 generis
966 622 1106 694 lapsi
1127 621 1334 676 sarcire
1357 619 1561 688 ruinas,

376 710 852 780 complebuntque
875 709 1028 764 foros
1053 713 1109 764 et
1132 707 1363 762 floribus
1386 704 1589 760 horrea
1608 709 1821 762 texent.

445 797 504 852 Si
528 813 678 866 vero,
707 797 964 868 qnoniam
988 811 1146 850 casus
1171 793 1366 864 apibus
1390 807 1607 864 quoque
1628 796 1849 846 nostros

377 884 514 940 Vita
536 885 680 953 tulit,
707 883 855 938 tristi
877 882 1218 952 languebunt
1237 895 1477 948 corpora
1497 878 1765 934 morbo-

376 969 538 1035 Quod
561 971 670 1023 ism
692 985 808 1023 non
831 967 1015 1024 dubiis
1037 965 1249 1038 poteris
1273 979 1609 1036 cognoscere
1632 962 1803 1032 signis
1818 980 1837 1017 ε

377 1055 654 1111 Continuo
680 1061 766 1110 est
789 1055 970 1124 aegris
991 1054 1132 1109 alius
1156 1052 1336 1122 color3
1377 1049 1609 1106 horrida
1630 1049 1845 1104 voltum

375 1143 670 1199 Deformat
693 1143 926 1210 macies;
961 1146 1084 1196 tum
1109 1153 1346 1210 corpora
1366 1137 1489 1192 luce
1510 1140 1803 1192 carentum

375 1229 691 1299 Expertant
713 1229 877 1283 tectis
899 1232 958 1282 et
981 1227 1163 1282 tristia
1188 1225 1389 1282 fimeta
1410 1223 1649 1291 ducunt;

377 1316 501 1372 Aut
517 1316 646 1371 illae
669 1314 902 1386 pedibus
924 1329 1168 1370 conexae
1189 1311 1258 1368 ad
1283 1310 1477 1366 limina
1499 1309 1759 1380 pendent,

376 1402 497 1456 Aut
518 1403 670 1456 intus
693 1402 892 1456 clausis
916 1403 1247 1456 cunctantur
1273 1397 1336 1454 in
1355 1395 1601 1466 aedibus,
1630 1411 1825 1452 omnes

375 1489 724 1559 Ignavaeque
746 1488 893 1543 fame
917 1495 976 1544 et
998 1493 1287 1544 contracto
1311 1485 1517 1556 frigore
1542 1484 1749 1556 pigrae·

375 1575 516 1630 Tum
539 1592 710 1632 sonus
734 1575 955 1630 auditur
977 1575 1216 1646 gravior,
1241 1573 1577 1644 tractimque
1598 1576 1899 1642 susurrant,

375 1662 630 1731 Frigidus
653 1667 716 1718 ut
739 1663 1018 1732 quondam
1039 1661 1195 1716 silvis
1217 1661 1609 1718 immurmurat
1628 1659 1867 1728 Auster-3
1982 1695 1987 1702 .

376 1750 456 1804 Ut
479 1766 629 1804 mare
653 1748 946 1805 sollicitum
971 1747 1158 1804 stridit
1180 1747 1543 1804 refluentibus
1564 1745 1757 1814 undis3

376 1837 614 1892 Aestuat
634 1841 698 1892 ut
721 1835 918 1891 clausis
939 1834 1164 1905 rapidus
1185 1835 1507 1890 fornacibus
1528 1833 1745 1906 ignis-

375 1923 484 1978 Hic
506 1924 618 1978 iam
642 1922 938 1992 galbaneos
961 1921 1202 1978 suadebo
1223 1920 1523 1978 incendere
1543 1921 1761 1991 odores,

374 2010 646 2080 Bellaque
669 2008 1026 2070 harundineis
1047 2009 1260 2065 inferre
1281 2010 1581 2082 canalibus,
1605 2011 1756 2068 ultro

377 2099 712 2155 Hortantem
735 2101 794 2152 et
815 2097 988 2152 fessas
1007 2095 1078 2152 ad
1101 2095 1306 2167 pabula
1327 2101 1465 2154 note
1485 2105 1794 2156 vocantem.
1860 2137 1869 2146 -

375 2185 631 2240 Proderit
655 2189 714 2239 et
739 2189 964 2239 tunsum
980 2183 1156 2252 gallae
1179 2183 1483 2242 admiscere
1506 2203 1761 2256 saporem

377 2274 711 2342 Arentisque
734 2288 902 2341 rosas,
929 2275 1027 2326 aut
1047 2271 1164 2340 igni
1187 2270 1417 2342 pinguia
1437 2273 1617 2330 multo
1764 2341 1767 2344 ⁴

373 2359 625 2428 Defruta‚
654 2358 744 2413 vel
765 2358 974 2428 psithia
994 2374 1186 2428 passos
1207 2358 1279 2416 de
1301 2359 1419 2416 vite
1440 2378 1689 2418 racemos

375 2444 816 2514 Cecropiumque
841 2444 1092 2514 thymum
1119 2450 1180 2502 et
1199 2462 1371 2516 grave
1400 2447 1611 2504 olentia
1630 2452 1945 2504 centaurea.

373 2531 478 2585 Est
501 2531 668 2586 etiam
692 2529 796 2586 flos
815 2531 876 2585 in
899 2532 1089 2602 pratis,
1117 2533 1208 2588 cui
1231 2549 1437 2590 nomen
1455 2535 1657 2591 amello

373 2618 578 2673 Fecere
602 2617 888 2688 agricolae,
917 2618 1096 2674 facilis
1123 2623 1517 2690 quaerentibus
1540 2619 1741 2686 ᾔει-ὗες

375 2704 629 2775 Namque
655 2723 766 2761 uno
789 2706 1072 2776 ingentem
1096 2707 1244 2763 tollit
1267 2707 1338 2764 de
1361 2709 1601 2778 caespite
1624 2707 1838 2773 silvam,
1884 2736 1899 2746 ·

376 2792 594 2846 Aureus
619 2793 747 2862 ipse,
777 2793 872 2847 sed
895 2793 953 2846 in
979 2792 1142 2862 foliis,
1173 2810 1314 2864 quae
1338 2794 1577 2864 plurima
1598 2793 1807 2848 circum
1885 2789 1905 2805 ⁶

373 2878 718 2949 Funduntur,
745 2880 924 2936 violae
947 2881 1199 2936 sublucet
1222 2897 1465 2951 purpure
1488 2881 1681 2951 nigrae
1694 2899 1721 2950 ς-

373 2965 548 3035 Saepe
573 2967 736 3021 deum
759 2968 918 3022 nexis
942 2973 1170 3036 ornatae
1195 2967 1485 3037 torquibus
1504 2985 1665 3036 araeg

375 3052 556 3122 Asper
578 3053 636 3107 in
660 3070 758 3108 ore
782 3071 973 3124 sapor3
1013 3054 1190 3110 tonsis
1213 3054 1272 3108 in
1297 3053 1535 3109 vallibus
1558 3055 1713 3110 illum

373 3138 629 3193 Pastores
653 3145 711 3194 et
732 3157 904 3195 curva
926 3140 1116 3208 legunt
1139 3155 1312 3210 prope
1335 3139 1568 3196 flumina
1590 3141 1803 3198 Mellae.

373 3225 555 3280 Huius
579 3227 812 3280 odorato
836 3226 1050 3280 radices
1070 3225 1306 3296 incoque
1331 3225 1569 3293 Baccho,

372 3311 686 3383 Pabulaque
707 3313 768 3367 in
792 3313 1007 3368 foribus
1029 3312 1208 3383 plenis
1232 3329 1448 3383 appone
1472 3316 1745 3372 canistris.

441 3399 552 3454 Sed
573 3400 620 3454 si
645 3415 808 3471 quem
832 3397 1016 3470 proles
1041 3401 1225 3456 subito
1247 3401 1519 3457 deiecerit
1540 3403 1735 3472 omnis,

377 3483 508 3556 Neo,
535 3501 708 3556 genus
731 3486 878 3542 unde
902 3504 1082 3544 novae
1103 3487 1292 3560 stirpis
1315 3495 1623 3560 revocetur,
1652 3489 1896 3558 habebit.

2300 2446 2409 2506 270

2302 2881 2409 2944 2'15
