2725 3892
979 209 1258 261 vanem
1301 210 1632 262 AENEIDOS
1674 211 1739 264 V.

340 370 479 426 Cum
504 370 642 425 levis
667 370 928 426 aetheriis
951 370 1208 440 delapsus
1231 369 1468 426 Somnus
1492 373 1561 424 ab
1586 371 1749 426 astris

340 458 492 512 Aera
509 457 746 512 dimovit
769 457 1126 511 tenebrosum
1151 462 1210 511 et
1227 456 1458 526 dispulit
1482 457 1719 525 umbras,

339 543 432 612 Te,
461 542 734 610 Palinure,
763 548 971 612 petens,
1001 543 1098 598 tibi
1125 543 1342 598 somnia
1365 543 1550 599 tristia
1572 549 1801 613 portans

340 629 582 696 Insonti3
623 627 901 696 puppique
927 627 1063 680 deus
1089 627 1338 682 consedit
1361 627 1422 680 in
1448 628 1574 697 alta,

339 714 646 772 Phorbanti
670 713 876 782 similis,
905 713 1194 782 funditque
1218 713 1319 768 has
1343 730 1440 768 ore
1462 713 1740 783 loquelas:

343 805 379 833 ‘⁸
399 801 576 856 Iaside
601 800 874 868 Palinure,
899 800 1086 854 ferunt
1111 800 1232 869 ipsa
1257 817 1500 869 aequora
1522 800 1783 856 classem:

340 889 628 959 Aequatae
653 887 866 957 spirant
889 903 1083 954 aurae;
1125 887 1290 942 datur
1313 887 1454 941 hora
1478 889 1669 958 quieti.

339 976 494 1031 Pone
517 979 698 1044 caput,
725 974 1010 1044 fessosque
1035 974 1224 1030 oculos
1249 973 1438 1028 furare
1460 974 1654 1030 labori.

340 1062 466 1133 Ipse
491 1079 594 1130 ego
617 1062 896 1131 paulisper
921 1078 1023 1130 pro
1052 1067 1108 1116 te
1133 1069 1230 1118 tua
1252 1079 1486 1118 munera
1507 1063 1714 1120 inibo.”

342 1151 444 1206 Oui
469 1150 564 1204 vix
589 1147 847 1203 attollens
870 1147 1164 1202 Palinurus
1189 1150 1402 1206 lumina
1422 1152 1599 1206 fatur:

343 1236 554 1292 “Mene
577 1235 708 1290 salis
731 1233 930 1302 placidi
957 1235 1172 1290 voltum
1201 1235 1507 1306 fluctusque
1532 1239 1751 1306 quietos

339 1323 603 1394 Ignorare
625 1323 818 1378 iubes?
854 1339 1018 1378 mene
1041 1322 1171 1378 huic
1195 1323 1475 1380 confidere
1498 1329 1749 1378 monstro
1764 1325 1809 1378 ff-

341 1412 572 1466 Aeneau
597 1409 818 1464 credam
843 1410 973 1480 quid
1001 1410 1148 1464 euim
1163 1411 1449 1466 fallacibus
1470 1411 1619 1466 auris

340 1497 414 1551 Et
437 1497 574 1552 caeli
597 1498 802 1552 totiens
826 1498 1090 1567 deceptus
1113 1498 1306 1554 fraude
1331 1499 1547 1553 sereni?
1570 1499 1603 1526 ”

339 1583 496 1638 Talia
517 1584 666 1638 dicta
687 1583 869 1652 dabat,
899 1585 1224 1654 clavumque
1249 1584 1446 1640 affixus
1470 1593 1527 1640 et
1552 1585 1785 1640 haerens

341 1671 628 1739 Nusquam
654 1671 957 1739 amittebat,
991 1673 1286 1741 oculosque
1313 1672 1417 1726 sub
1440 1677 1591 1726 astra
1614 1673 1859 1726 tenebat.

339 1757 483 1812 Ecce
507 1757 643 1812 deus
667 1773 880 1812 ramum
905 1758 1150 1814 Lethaeo
1174 1774 1300 1812 rore
1337 1757 1652 1812 madentem

341 1845 526 1915 Vique
551 1851 870 1916 soporatum
895 1845 1090 1916 Stygia
1113 1861 1278 1914 super
1303 1851 1535 1914 utraque
1556 1850 1781 1914 quassat

338 1934 626 2005 Tempora,
655 1935 1047 2004 cunctantique
1071 1933 1325 1988 natantia
1347 1933 1560 1986 lumina
1584 1931 1767 1988 solvit.

341 2022 452 2076 Vix
477 2023 687 2093 primos
709 2024 938 2092 inopina
961 2021 1116 2091 quies
1139 2019 1424 2074 laxaverat
1448 2025 1617 2086 artus,

338 2108 413 2164 Et
435 2111 928 2181 superincumbens
951 2124 1076 2164 cum
1103 2107 1303 2177 puppis
1327 2111 1487 2175 parte
1509 2105 1729 2160 revulsa

341 2197 590 2268 Cumque
613 2196 948 2267 gubernaclo
971 2194 1208 2265 liquidas
1231 2193 1465 2263 proiecit
1484 2193 1543 2246 in
1570 2191 1745 2248 undas

339 2283 708 2355 Praecipitem
731 2301 797 2340 ac
821 2284 1002 2340 socios
1026 2283 1358 2352 nequiquam
1384 2296 1549 2349 saepe
1574 2285 1881 2334 vocantem.

339 2369 466 2440 Ipse
491 2371 685 2426 volans
707 2371 892 2426 tenuis
915 2386 976 2424 se
1001 2369 1224 2424 sustulit
1248 2368 1361 2423 ales
1384 2367 1453 2422 ad
1478 2383 1653 2422 auras.

341 2457 530 2513 Currit
553 2460 660 2513 iter
683 2463 864 2512 tutum
887 2473 1006 2512 non
1031 2457 1203 2512 setius
1229 2470 1469 2525 aequore
1492 2453 1694 2522 classis,

339 2545 738 2615 Promissisque
763 2546 935 2614 patris
959 2543 1206 2614 Neptuni
1225 2543 1483 2597 interrita
1504 2540 1700 2594 fertur.

340 2633 565 2702 Iamque
585 2631 724 2686 adeo
749 2631 1004 2701 scopulos
1027 2631 1283 2686 Sirenum
1313 2629 1547 2684 advecta
1568 2626 1803 2694 subibat,

339 2719 592 2776 Difficilis
614 2719 894 2790 quondam
917 2720 1327 2787 multorumque
1353 2715 1570 2770 ossibus
1594 2713 1781 2780 albos3

339 2806 478 2862 Tum
503 2825 669 2864 rauca
693 2805 922 2862 adsiduo
945 2805 1108 2874 longe
1133 2805 1246 2860 sale
1271 2820 1407 2858 saxa
1430 2801 1734 2856 sonabant:

339 2894 480 2948 Cum
503 2901 664 2964 pater
689 2894 888 2948 amisso
911 2891 1224 2946 fluitantem
1251 2903 1439 2944 errare
1470 2887 1737 2956 magistro

339 2981 538 3050 Sensit,
567 2986 624 3036 et
647 2982 766 3051 ipse
791 2984 966 3033 ratem
991 2977 1277 3033 nocturnis
1301 2976 1451 3030 rexit
1474 2976 1529 3029 in
1556 2973 1735 3043 undis,

337 3067 518 3123 Multa
539 3083 779 3137 gemens,
810 3081 1047 3133 casuque
1072 3064 1314 3118 animum
1342 3077 1639 3116 concussus
1664 3059 1857 3116 amicit

341 3157 374 3186 ‘⁴
393 3155 441 3208 Ο
465 3155 696 3208 nimium
721 3151 875 3207 caelo
899 3156 955 3204 et
978 3149 1176 3218 pelago
1201 3147 1403 3202 confise
1426 3163 1638 3212 sereno,

337 3239 535 3296 Nudus
557 3242 614 3295 in
639 3241 844 3309 ignota,
872 3235 1148 3306 Palinure,
1177 3233 1383 3290 iacebis
1406 3231 1671 3289 harena.”

2270 1413 2375 1464 850

2272 1846 2373 1897 855

2270 2281 2374 2332 860

2268 2715 2370 2766 865

2268 3149 2374 3204 870
