<?xml version="1.0" encoding="UTF-8"?>
<!DOCTYPE html PUBLIC "-//W3C//DTD XHTML 1.0 Transitional//EN"
    "http://www.w3.org/TR/xhtml1/DTD/xhtml1-transitional.dtd">
<html xmlns="http://www.w3.org/1999/xhtml" xml:lang="en" lang="en">
 <head>
  <title>
</title>
<meta http-equiv="Content-Type" content="text/html;charset=utf-8" />
  <meta name='ocr-system' content='tesseract 3.04.00' />
  <meta name='ocr-capabilities' content='ocr_page ocr_carea ocr_par ocr_line ocrx_word'/>
</head>
<body>
  <div class='ocr_page' id='page_1' title='image "arevisedtextpoe01virggoog_0101.png"; bbox 0 0 2725 3892; ppageno 0'>
   <div class='ocr_carea' id='block_1_1' title="bbox 925 187 1767 250">
    <p class='ocr_par' dir='ltr' id='par_1_1' title="bbox 925 187 1767 250">
     <span class='ocr_line' id='line_1_1' title="bbox 925 187 1767 250; baseline -0.006 -10"><span class='ocrx_word' id='word_1_1' title='bbox 925 189 1204 250; x_wconf 69' lang='lat' dir='ltr'>VERGILI</span> <span class='ocrx_word' id='word_1_2' title='bbox 1249 187 1629 242; x_wconf 73' lang='lat' dir='ltr'><strong>GnossfflcoN</strong></span> <span class='ocrx_word' id='word_1_3' title='bbox 1676 187 1767 241; x_wconf 67' lang='lat'><strong>111„</strong></span> 
     </span>
    </p>
   </div>
   <div class='ocr_carea' id='block_1_2' title="bbox 299 349 1963 3538">
    <p class='ocr_par' dir='ltr' id='par_1_2' title="bbox 299 349 1963 3538">
     <span class='ocr_line' id='line_1_2' title="bbox 317 349 1776 426; baseline -0.005 -16"><span class='ocrx_word' id='word_1_4' title='bbox 317 355 570 426; x_wconf 75' lang='lat' dir='ltr'>Spiritus,</span> <span class='ocrx_word' id='word_1_5' title='bbox 597 351 880 408; x_wconf 84' lang='lat' dir='ltr'><strong>interdum</strong></span> <span class='ocrx_word' id='word_1_6' title='bbox 903 351 1114 421; x_wconf 88' lang='lat' dir='ltr'><strong>gemitu</strong></span> <span class='ocrx_word' id='word_1_7' title='bbox 1135 351 1335 420; x_wconf 81' lang='lat' dir='ltr'><strong>gravis,</strong></span> <span class='ocrx_word' id='word_1_8' title='bbox 1364 349 1585 418; x_wconf 79' lang='lat' dir='ltr'><strong>imaque</strong></span> <span class='ocrx_word' id='word_1_9' title='bbox 1608 349 1776 417; x_wconf 83' lang='lat' dir='ltr'><strong>longo</strong></span> 
     </span>
     <span class='ocr_line' id='line_1_3' title="bbox 319 437 1430 510; baseline -0.005 -14"><span class='ocrx_word' id='word_1_10' title='bbox 319 441 422 496; x_wconf 87' lang='lat' dir='ltr'><strong>Ilia</strong></span> <span class='ocrx_word' id='word_1_11' title='bbox 443 439 690 510; x_wconf 74' lang='lat' dir='ltr'><strong>singultu</strong></span> <span class='ocrx_word' id='word_1_12' title='bbox 714 438 966 508; x_wconf 84' lang='lat' dir='ltr'><strong>tendunt,</strong></span> <span class='ocrx_word' id='word_1_13' title='bbox 993 439 1040 492; x_wconf 79' lang='lat' dir='ltr'><strong>it</strong></span> <span class='ocrx_word' id='word_1_14' title='bbox 1062 437 1285 492; x_wconf 83' lang='lat' dir='ltr'><strong>naribus</strong></span> <span class='ocrx_word' id='word_1_15' title='bbox 1307 443 1430 496; x_wconf 88' lang='lat' dir='ltr'><strong>ater</strong></span> 
     </span>
     <span class='ocr_line' id='line_1_4' title="bbox 320 521 1824 596; baseline -0.004 -14"><span class='ocrx_word' id='word_1_16' title='bbox 320 525 572 596; x_wconf 81' lang='lat' dir='ltr'><strong>Sanguis,</strong></span> <span class='ocrx_word' id='word_1_17' title='bbox 598 531 658 580; x_wconf 86' lang='lat' dir='ltr'><strong>et</strong></span> <span class='ocrx_word' id='word_1_18' title='bbox 681 525 931 580; x_wconf 84' lang='lat' dir='ltr'><strong>obsessas</strong></span> <span class='ocrx_word' id='word_1_19' title='bbox 955 525 1144 580; x_wconf 73' lang='lat' dir='ltr'><strong>tauoes</strong></span> <span class='ocrx_word' id='word_1_20' title='bbox 1165 523 1375 593; x_wconf 81' lang='lat' dir='ltr'><strong>premit</strong></span> <span class='ocrx_word' id='word_1_21' title='bbox 1398 539 1595 592; x_wconf 75' lang='lat' dir='ltr'><strong>aspera</strong></span> <span class='ocrx_word' id='word_1_22' title='bbox 1620 521 1824 591; x_wconf 82' lang='lat' dir='ltr'><strong>lingua.</strong></span> 
     </span>
     <span class='ocr_line' id='line_1_5' title="bbox 320 609 1515 668; baseline -0.003 0"><span class='ocrx_word' id='word_1_23' title='bbox 320 613 544 668; x_wconf 75' lang='lat' dir='ltr'>Profuit</span> <span class='ocrx_word' id='word_1_24' title='bbox 565 613 776 666; x_wconf 87' lang='lat' dir='ltr'><strong>inserto</strong></span> <span class='ocrx_word' id='word_1_25' title='bbox 801 611 994 666; x_wconf 73' lang='lat' dir='ltr'><strong>latices</strong></span> <span class='ocrx_word' id='word_1_26' title='bbox 1019 609 1318 666; x_wconf 69' lang='lat' dir='ltr'><strong>iufundere</strong></span> <span class='ocrx_word' id='word_1_27' title='bbox 1340 625 1515 664; x_wconf 77' lang='lat' dir='ltr'><strong>eornu</strong></span> 
     </span>
     <span class='ocr_line' id='line_1_6' title="bbox 322 697 1569 763; baseline -0.002 -10"><span class='ocrx_word' id='word_1_28' title='bbox 322 698 600 763; x_wconf 81' lang='lat' dir='ltr'><strong>Lenaeos;</strong></span> <span class='ocrx_word' id='word_1_29' title='bbox 641 715 708 754; x_wconf 90' lang='lat' dir='ltr'><strong>ea</strong></span> <span class='ocrx_word' id='word_1_30' title='bbox 731 698 850 752; x_wconf 81' lang='lat' dir='ltr'><strong>visa</strong></span> <span class='ocrx_word' id='word_1_31' title='bbox 873 697 1020 752; x_wconf 80' lang='lat' dir='ltr'><strong>salus</strong></span> <span class='ocrx_word' id='word_1_32' title='bbox 1045 697 1408 752; x_wconf 85' lang='lat' dir='ltr'><strong>morientibus</strong></span> <span class='ocrx_word' id='word_1_33' title='bbox 1430 712 1569 762; x_wconf 79' lang='lat' dir='ltr'><strong>una3</strong></span> 
     </span>
     <span class='ocr_line' id='line_1_7' title="bbox 321 782 1655 854; baseline -0.002 -13"><span class='ocrx_word' id='word_1_34' title='bbox 321 784 455 841; x_wconf 82' lang='lat' dir='ltr'><strong>Mox</strong></span> <span class='ocrx_word' id='word_1_35' title='bbox 479 791 598 840; x_wconf 82' lang='lat' dir='ltr'><strong>erat</strong></span> <span class='ocrx_word' id='word_1_36' title='bbox 619 785 730 840; x_wconf 84' lang='lat' dir='ltr'><strong>hoe</strong></span> <span class='ocrx_word' id='word_1_37' title='bbox 751 784 932 854; x_wconf 89' lang='lat' dir='ltr'><strong>ipsum</strong></span> <span class='ocrx_word' id='word_1_38' title='bbox 958 783 1146 852; x_wconf 81' lang='lat' dir='ltr'><strong>exitio,</strong></span> <span class='ocrx_word' id='word_1_39' title='bbox 1165 783 1436 853; x_wconf 69' lang='lat' dir='ltr'><strong>furiisque</strong></span> <span class='ocrx_word' id='word_1_40' title='bbox 1460 782 1655 838; x_wconf 74' lang='lat' dir='ltr'><strong>refesti</strong></span> 
     </span>
     <span class='ocr_line' id='line_1_8' title="bbox 323 869 1750 942; baseline -0.003 -15"><span class='ocrx_word' id='word_1_41' title='bbox 323 872 626 942; x_wconf 78' lang='lat' dir='ltr'>Ardebant,</span> <span class='ocrx_word' id='word_1_42' title='bbox 654 872 870 942; x_wconf 88' lang='lat' dir='ltr'><strong>ipsique</strong></span> <span class='ocrx_word' id='word_1_43' title='bbox 893 887 1024 926; x_wconf 86' lang='lat' dir='ltr'><strong>suos</strong></span> <span class='ocrx_word' id='word_1_44' title='bbox 1047 871 1158 926; x_wconf 84' lang='lat' dir='ltr'><strong>iam</strong></span> <span class='ocrx_word' id='word_1_45' title='bbox 1181 876 1366 926; x_wconf 81' lang='lat' dir='ltr'><strong>morte</strong></span> <span class='ocrx_word' id='word_1_46' title='bbox 1390 869 1493 926; x_wconf 84' lang='lat' dir='ltr'><strong>sub</strong></span> <span class='ocrx_word' id='word_1_47' title='bbox 1516 885 1750 938; x_wconf 72' lang='lat' dir='ltr'><strong>aegra—-</strong></span> 
     </span>
     <span class='ocr_line' id='line_1_9' title="bbox 321 956 1724 1029; baseline -0.003 -13"><span class='ocrx_word' id='word_1_48' title='bbox 321 959 396 1016; x_wconf 89' lang='lat' dir='ltr'><strong>Di</strong></span> <span class='ocrx_word' id='word_1_49' title='bbox 420 959 651 1014; x_wconf 77' lang='lat' dir='ltr'><strong>meliora</strong></span> <span class='ocrx_word' id='word_1_50' title='bbox 675 959 780 1029; x_wconf 88' lang='lat' dir='ltr'><strong>piis</strong></span> <span class='ocrx_word' id='word_1_51' title='bbox 805 973 1162 1028; x_wconf 77' lang='lat' dir='ltr'>erroremque</span> <span class='ocrx_word' id='word_1_52' title='bbox 1185 956 1437 1012; x_wconf 74' lang='lat' dir='ltr'><strong>hostibus</strong></span> <span class='ocrx_word' id='word_1_53' title='bbox 1462 956 1618 1012; x_wconf 88' lang='lat' dir='ltr'><strong>illum</strong></span> <span class='ocrx_word' id='word_1_54' title='bbox 1634 958 1724 1012; x_wconf 84' lang='lat'><strong>1-</strong></span> 
     </span>
     <span class='ocr_line' id='line_1_10' title="bbox 323 1041 1561 1101; baseline -0.002 0"><span class='ocrx_word' id='word_1_55' title='bbox 323 1045 596 1101; x_wconf 86' lang='lat' dir='ltr'><strong>Diseissos</strong></span> <span class='ocrx_word' id='word_1_56' title='bbox 614 1045 780 1100; x_wconf 85' lang='lat' dir='ltr'><strong>nudis</strong></span> <span class='ocrx_word' id='word_1_57' title='bbox 802 1045 1088 1100; x_wconf 76' lang='lat' dir='ltr'><strong>laniabant</strong></span> <span class='ocrx_word' id='word_1_58' title='bbox 1107 1041 1371 1098; x_wconf 82' lang='lat' dir='ltr'><strong>dentibus</strong></span> <span class='ocrx_word' id='word_1_59' title='bbox 1392 1049 1561 1098; x_wconf 74' lang='lat' dir='ltr'><strong>mus.</strong></span> 
     </span>
     <span class='ocr_line' id='line_1_11' title="bbox 319 1130 1677 1188; baseline -0.001 -2"><span class='ocrx_word' id='word_1_60' title='bbox 319 1133 466 1188; x_wconf 79' lang='lat' dir='ltr'><strong>Eece</strong></span> <span class='ocrx_word' id='word_1_61' title='bbox 490 1138 672 1187; x_wconf 81' lang='lat' dir='ltr'><strong>autem</strong></span> <span class='ocrx_word' id='word_1_62' title='bbox 697 1131 837 1186; x_wconf 84' lang='lat' dir='ltr'><strong>duro</strong></span> <span class='ocrx_word' id='word_1_63' title='bbox 860 1130 1086 1186; x_wconf 70' lang='lat' dir='ltr'><strong>sumans</strong></span> <span class='ocrx_word' id='word_1_64' title='bbox 1107 1130 1211 1185; x_wconf 87' lang='lat' dir='ltr'><strong>sub</strong></span> <span class='ocrx_word' id='word_1_65' title='bbox 1234 1145 1461 1184; x_wconf 79' lang='lat' dir='ltr'><strong>vomere</strong></span> <span class='ocrx_word' id='word_1_66' title='bbox 1486 1137 1677 1184; x_wconf 72' lang='lat' dir='ltr'><strong>taurus</strong></span> 
     </span>
     <span class='ocr_line' id='line_1_12' title="bbox 321 1216 1749 1287; baseline -0.001 -13"><span class='ocrx_word' id='word_1_67' title='bbox 321 1218 581 1274; x_wconf 84' lang='lat' dir='ltr'><strong>Oonoidit</strong></span> <span class='ocrx_word' id='word_1_68' title='bbox 603 1223 662 1273; x_wconf 84' lang='lat' dir='ltr'><strong>et</strong></span> <span class='ocrx_word' id='word_1_69' title='bbox 682 1219 915 1272; x_wconf 83' lang='lat' dir='ltr'><strong>mixtum</strong></span> <span class='ocrx_word' id='word_1_70' title='bbox 941 1217 1152 1287; x_wconf 85' lang='lat' dir='ltr'><strong>spumis</strong></span> <span class='ocrx_word' id='word_1_71' title='bbox 1175 1216 1352 1272; x_wconf 82' lang='lat' dir='ltr'><strong>vomit</strong></span> <span class='ocrx_word' id='word_1_72' title='bbox 1376 1231 1473 1270; x_wconf 85' lang='lat' dir='ltr'><strong>ore</strong></span> <span class='ocrx_word' id='word_1_73' title='bbox 1497 1231 1749 1272; x_wconf 81' lang='lat' dir='ltr'><strong>eruorem</strong></span> 
     </span>
     <span class='ocr_line' id='line_1_13' title="bbox 319 1301 1687 1376; baseline -0.003 -16"><span class='ocrx_word' id='word_1_74' title='bbox 319 1305 726 1376; x_wconf 86' lang='lat' dir='ltr'><strong>Extremosque</strong></span> <span class='ocrx_word' id='word_1_75' title='bbox 749 1305 859 1360; x_wconf 79' lang='lat' dir='ltr'><strong>ciet</strong></span> <span class='ocrx_word' id='word_1_76' title='bbox 881 1304 1134 1374; x_wconf 79' lang='lat' dir='ltr'><strong>gemitus.</strong></span> <span class='ocrx_word' id='word_1_77' title='bbox 1207 1301 1264 1358; x_wconf 84' lang='lat' dir='ltr'><strong>It</strong></span> <span class='ocrx_word' id='word_1_78' title='bbox 1286 1303 1465 1358; x_wconf 83' lang='lat' dir='ltr'><strong>tristis</strong></span> <span class='ocrx_word' id='word_1_79' title='bbox 1486 1307 1687 1370; x_wconf 77' lang='lat' dir='ltr'><strong>arator,</strong></span> 
     </span>
     <span class='ocr_line' id='line_1_14' title="bbox 322 1388 1803 1460; baseline -0.004 -12"><span class='ocrx_word' id='word_1_80' title='bbox 322 1392 660 1448; x_wconf 76' lang='lat' dir='ltr'><strong>Maerentem</strong></span> <span class='ocrx_word' id='word_1_81' title='bbox 685 1391 992 1460; x_wconf 75' lang='lat' dir='ltr'><strong>abiungens</strong></span> <span class='ocrx_word' id='word_1_82' title='bbox 1013 1389 1260 1446; x_wconf 77' lang='lat' dir='ltr'><strong>fraterna</strong></span> <span class='ocrx_word' id='word_1_83' title='bbox 1281 1395 1463 1444; x_wconf 85' lang='lat' dir='ltr'><strong>morte</strong></span> <span class='ocrx_word' id='word_1_84' title='bbox 1492 1388 1803 1457; x_wconf 73' lang='lat' dir='ltr'><strong>iuvencum,</strong></span> 
     </span>
     <span class='ocr_line' id='line_1_15' title="bbox 321 1476 1709 1549; baseline 0.001 -16"><span class='ocrx_word' id='word_1_85' title='bbox 321 1478 512 1549; x_wconf 81' lang='lat' dir='ltr'><strong>Atque</strong></span> <span class='ocrx_word' id='word_1_86' title='bbox 537 1493 704 1548; x_wconf 83' lang='lat' dir='ltr'><strong>opere</strong></span> <span class='ocrx_word' id='word_1_87' title='bbox 726 1477 786 1532; x_wconf 87' lang='lat' dir='ltr'><strong>in</strong></span> <span class='ocrx_word' id='word_1_88' title='bbox 808 1477 994 1532; x_wconf 87' lang='lat' dir='ltr'><strong>medio</strong></span> <span class='ocrx_word' id='word_1_89' title='bbox 1015 1476 1200 1532; x_wconf 83' lang='lat' dir='ltr'><strong>defixa</strong></span> <span class='ocrx_word' id='word_1_90' title='bbox 1220 1476 1485 1548; x_wconf 86' lang='lat' dir='ltr'><strong>relinquit</strong></span> <span class='ocrx_word' id='word_1_91' title='bbox 1510 1482 1709 1534; x_wconf 78' lang='lat' dir='ltr'><strong>aratra.</strong></span> 
     </span>
     <span class='ocr_line' id='line_1_16' title="bbox 323 1564 1921 1634; baseline 0.001 -15"><span class='ocrx_word' id='word_1_92' title='bbox 323 1564 454 1620; x_wconf 82' lang='lat' dir='ltr'><strong>Non</strong></span> <span class='ocrx_word' id='word_1_93' title='bbox 477 1565 708 1620; x_wconf 85' lang='lat' dir='ltr'><strong>umbrae</strong></span> <span class='ocrx_word' id='word_1_94' title='bbox 731 1565 972 1620; x_wconf 88' lang='lat' dir='ltr'><strong>altorum</strong></span> <span class='ocrx_word' id='word_1_95' title='bbox 996 1579 1302 1634; x_wconf 83' lang='lat' dir='ltr'><strong>nemorum,</strong></span> <span class='ocrx_word' id='word_1_96' title='bbox 1327 1581 1443 1620; x_wconf 86' lang='lat' dir='ltr'><strong>non</strong></span> <span class='ocrx_word' id='word_1_97' title='bbox 1468 1564 1659 1620; x_wconf 83' lang='lat' dir='ltr'><strong>mollia</strong></span> <span class='ocrx_word' id='word_1_98' title='bbox 1684 1568 1921 1634; x_wconf 83' lang='lat' dir='ltr'><strong>possunt</strong></span> 
     </span>
     <span class='ocr_line' id='line_1_17' title="bbox 323 1649 1831 1720; baseline 0 -14"><span class='ocrx_word' id='word_1_99' title='bbox 323 1650 494 1706; x_wconf 82' lang='lat' dir='ltr'><strong>Prata</strong></span> <span class='ocrx_word' id='word_1_100' title='bbox 513 1659 740 1706; x_wconf 80' lang='lat' dir='ltr'><strong>movere</strong></span> <span class='ocrx_word' id='word_1_101' title='bbox 763 1651 1028 1716; x_wconf 79' lang='lat' dir='ltr'><strong>animum,</strong></span> <span class='ocrx_word' id='word_1_102' title='bbox 1053 1667 1184 1718; x_wconf 79' lang='lat' dir='ltr'><strong>non,</strong></span> <span class='ocrx_word' id='word_1_103' title='bbox 1211 1650 1306 1720; x_wconf 88' lang='lat' dir='ltr'><strong>qui</strong></span> <span class='ocrx_word' id='word_1_104' title='bbox 1329 1667 1428 1720; x_wconf 86' lang='lat' dir='ltr'><strong>per</strong></span> <span class='ocrx_word' id='word_1_105' title='bbox 1450 1667 1586 1708; x_wconf 82' lang='lat' dir='ltr'><strong>saxa</strong></span> <span class='ocrx_word' id='word_1_106' title='bbox 1606 1649 1831 1706; x_wconf 80' lang='lat' dir='ltr'><strong>volutus</strong></span> 
     </span>
     <span class='ocr_line' id='line_1_18' title="bbox 323 1737 1661 1808; baseline 0.001 -16"><span class='ocrx_word' id='word_1_107' title='bbox 323 1737 522 1792; x_wconf 87' lang='lat' dir='ltr'><strong>Purior</strong></span> <span class='ocrx_word' id='word_1_108' title='bbox 541 1737 746 1793; x_wconf 77' lang='lat' dir='ltr'><strong>electro</strong></span> <span class='ocrx_word' id='word_1_109' title='bbox 770 1753 1026 1808; x_wconf 82' lang='lat' dir='ltr'><strong>eampum</strong></span> <span class='ocrx_word' id='word_1_110' title='bbox 1049 1737 1192 1806; x_wconf 83' lang='lat' dir='ltr'><strong>petit</strong></span> <span class='ocrx_word' id='word_1_111' title='bbox 1214 1737 1423 1805; x_wconf 85' lang='lat' dir='ltr'><strong>amnis;</strong></span> <span class='ocrx_word' id='word_1_112' title='bbox 1462 1743 1523 1794; x_wconf 87' lang='lat' dir='ltr'><strong>at</strong></span> <span class='ocrx_word' id='word_1_113' title='bbox 1544 1738 1661 1793; x_wconf 87' lang='lat' dir='ltr'><strong>ima</strong></span> 
     </span>
     <span class='ocr_line' id='line_1_19' title="bbox 323 1823 1877 1896; baseline 0 -16"><span class='ocrx_word' id='word_1_114' title='bbox 323 1824 626 1880; x_wconf 72' lang='lat' dir='ltr'><strong>Solvuntur</strong></span> <span class='ocrx_word' id='word_1_115' title='bbox 648 1823 840 1893; x_wconf 77' lang='lat' dir='ltr'><strong>latera,</strong></span> <span class='ocrx_word' id='word_1_116' title='bbox 867 1829 1032 1894; x_wconf 84' lang='lat' dir='ltr'><strong>atque</strong></span> <span class='ocrx_word' id='word_1_117' title='bbox 1056 1823 1248 1880; x_wconf 83' lang='lat' dir='ltr'><strong>oeulos</strong></span> <span class='ocrx_word' id='word_1_118' title='bbox 1269 1829 1463 1894; x_wconf 82' lang='lat' dir='ltr'><strong>stupor</strong></span> <span class='ocrx_word' id='word_1_119' title='bbox 1487 1831 1649 1896; x_wconf 88' lang='lat' dir='ltr'><strong>urget</strong></span> <span class='ocrx_word' id='word_1_120' title='bbox 1668 1825 1877 1894; x_wconf 87' lang='lat' dir='ltr'><strong>inertis,</strong></span> 
     </span>
     <span class='ocr_line' id='line_1_20' title="bbox 324 1909 1634 1980; baseline 0.002 -15"><span class='ocrx_word' id='word_1_121' title='bbox 324 1911 415 1965; x_wconf 81' lang='lat' dir='ltr'><strong>Ad</strong></span> <span class='ocrx_word' id='word_1_122' title='bbox 441 1917 754 1980; x_wconf 86' lang='lat' dir='ltr'><strong>terramque</strong></span> <span class='ocrx_word' id='word_1_123' title='bbox 779 1909 902 1965; x_wconf 84' lang='lat' dir='ltr'><strong>fluit</strong></span> <span class='ocrx_word' id='word_1_124' title='bbox 925 1910 1140 1966; x_wconf 80' lang='lat' dir='ltr'><strong>devexo</strong></span> <span class='ocrx_word' id='word_1_125' title='bbox 1164 1911 1411 1980; x_wconf 87' lang='lat' dir='ltr'><strong>pondere</strong></span> <span class='ocrx_word' id='word_1_126' title='bbox 1430 1913 1634 1968; x_wconf 73' lang='lat' dir='ltr'><strong>cervix.</strong></span> 
     </span>
     <span class='ocr_line' id='line_1_21' title="bbox 323 1997 1963 2066; baseline 0.002 -16"><span class='ocrx_word' id='word_1_127' title='bbox 323 1997 472 2064; x_wconf 83' lang='lat' dir='ltr'><strong>Quid</strong></span> <span class='ocrx_word' id='word_1_128' title='bbox 495 1997 653 2052; x_wconf 86' lang='lat' dir='ltr'><strong>labor</strong></span> <span class='ocrx_word' id='word_1_129' title='bbox 677 2002 775 2052; x_wconf 82' lang='lat' dir='ltr'><strong>aut</strong></span> <span class='ocrx_word' id='word_1_130' title='bbox 798 1997 1088 2052; x_wconf 75' lang='lat' dir='ltr'><strong>benefacta</strong></span> <span class='ocrx_word' id='word_1_131' title='bbox 1109 1997 1338 2052; x_wconf 67' lang='lat' dir='ltr'><strong>iuvant?</strong></span> <span class='ocrx_word' id='word_1_132' title='bbox 1376 1997 1510 2066; x_wconf 88' lang='lat' dir='ltr'><strong>quid</strong></span> <span class='ocrx_word' id='word_1_133' title='bbox 1534 2015 1756 2054; x_wconf 80' lang='lat' dir='ltr'><strong>vomere</strong></span> <span class='ocrx_word' id='word_1_134' title='bbox 1782 2005 1963 2054; x_wconf 81' lang='lat' dir='ltr'><strong>terras</strong></span> 
     </span>
     <span class='ocr_line' id='line_1_22' title="bbox 323 2080 1695 2152; baseline 0.001 -17"><span class='ocrx_word' id='word_1_135' title='bbox 323 2080 625 2135; x_wconf 83' lang='lat' dir='ltr'><strong>Invertisse</strong></span> <span class='ocrx_word' id='word_1_136' title='bbox 645 2081 867 2150; x_wconf 69' lang='lat' dir='ltr'><strong>gravisi</strong></span> <span class='ocrx_word' id='word_1_137' title='bbox 904 2082 1059 2152; x_wconf 80' lang='lat' dir='ltr'><strong>atqui</strong></span> <span class='ocrx_word' id='word_1_138' title='bbox 1083 2098 1198 2136; x_wconf 91' lang='lat' dir='ltr'><strong>non</strong></span> <span class='ocrx_word' id='word_1_139' title='bbox 1222 2080 1457 2136; x_wconf 75' lang='lat' dir='ltr'><strong>Massica</strong></span> <span class='ocrx_word' id='word_1_140' title='bbox 1494 2081 1695 2138; x_wconf 85' lang='lat' dir='ltr'><strong>Baeohi</strong></span> 
     </span>
     <span class='ocr_line' id='line_1_23' title="bbox 325 2167 1629 2240; baseline 0.004 -19"><span class='ocrx_word' id='word_1_141' title='bbox 325 2167 570 2236; x_wconf 70' lang='lat' dir='ltr'><strong>Munera,</strong></span> <span class='ocrx_word' id='word_1_142' title='bbox 597 2184 712 2222; x_wconf 89' lang='lat' dir='ltr'><strong>non</strong></span> <span class='ocrx_word' id='word_1_143' title='bbox 735 2167 843 2222; x_wconf 86' lang='lat' dir='ltr'><strong>illis</strong></span> <span class='ocrx_word' id='word_1_144' title='bbox 867 2167 1060 2238; x_wconf 88' lang='lat' dir='ltr'><strong>epulae</strong></span> <span class='ocrx_word' id='word_1_145' title='bbox 1084 2183 1322 2222; x_wconf 77' lang='lat' dir='ltr'><strong>nocuere</strong></span> <span class='ocrx_word' id='word_1_146' title='bbox 1347 2175 1629 2240; x_wconf 75' lang='lat' dir='ltr'><strong>repostae:</strong></span> 
     </span>
     <span class='ocr_line' id='line_1_24' title="bbox 323 2253 1755 2326; baseline 0.003 -18"><span class='ocrx_word' id='word_1_147' title='bbox 323 2253 638 2309; x_wconf 82' lang='lat' dir='ltr'><strong>Frondibus</strong></span> <span class='ocrx_word' id='word_1_148' title='bbox 665 2258 723 2309; x_wconf 89' lang='lat' dir='ltr'><strong>et</strong></span> <span class='ocrx_word' id='word_1_149' title='bbox 747 2254 898 2310; x_wconf 81' lang='lat' dir='ltr'><strong>victu</strong></span> <span class='ocrx_word' id='word_1_150' title='bbox 922 2259 1224 2324; x_wconf 78' lang='lat' dir='ltr'><strong>pascuntur</strong></span> <span class='ocrx_word' id='word_1_151' title='bbox 1246 2255 1513 2324; x_wconf 80' lang='lat' dir='ltr'><strong>simplicis</strong></span> <span class='ocrx_word' id='word_1_152' title='bbox 1536 2256 1755 2326; x_wconf 77' lang='lat' dir='ltr'><strong>herbae,</strong></span> 
     </span>
     <span class='ocr_line' id='line_1_25' title="bbox 324 2339 1761 2411; baseline 0.004 -17"><span class='ocrx_word' id='word_1_153' title='bbox 324 2339 534 2396; x_wconf 84' lang='lat' dir='ltr'><strong>Pooula</strong></span> <span class='ocrx_word' id='word_1_154' title='bbox 557 2345 686 2395; x_wconf 85' lang='lat' dir='ltr'><strong>sunt</strong></span> <span class='ocrx_word' id='word_1_155' title='bbox 711 2340 894 2396; x_wconf 78' lang='lat' dir='ltr'><strong>fontes</strong></span> <span class='ocrx_word' id='word_1_156' title='bbox 916 2340 1111 2410; x_wconf 75' lang='lat' dir='ltr'><strong>liquidi</strong></span> <span class='ocrx_word' id='word_1_157' title='bbox 1135 2347 1304 2411; x_wconf 88' lang='lat' dir='ltr'><strong>atque</strong></span> <span class='ocrx_word' id='word_1_158' title='bbox 1328 2343 1575 2398; x_wconf 76' lang='lat' dir='ltr'><strong>exercita</strong></span> <span class='ocrx_word' id='word_1_159' title='bbox 1596 2359 1761 2400; x_wconf 83' lang='lat' dir='ltr'><strong>eursu</strong></span> 
     </span>
     <span class='ocr_line' id='line_1_26' title="bbox 323 2427 1705 2499; baseline 0.004 -17"><span class='ocrx_word' id='word_1_160' title='bbox 323 2427 592 2496; x_wconf 80' lang='lat' dir='ltr'><strong>Flumina,</strong></span> <span class='ocrx_word' id='word_1_161' title='bbox 621 2444 724 2483; x_wconf 84' lang='lat' dir='ltr'><strong>nee</strong></span> <span class='ocrx_word' id='word_1_162' title='bbox 747 2444 970 2483; x_wconf 88' lang='lat' dir='ltr'><strong>somnos</strong></span> <span class='ocrx_word' id='word_1_163' title='bbox 994 2428 1274 2499; x_wconf 77' lang='lat' dir='ltr'><strong>abrumpit</strong></span> <span class='ocrx_word' id='word_1_164' title='bbox 1299 2445 1434 2484; x_wconf 82' lang='lat' dir='ltr'><strong>eura</strong></span> <span class='ocrx_word' id='word_1_165' title='bbox 1456 2430 1705 2486; x_wconf 82' lang='lat' dir='ltr'><strong>salubris.</strong></span> 
     </span>
     <span class='ocr_line' id='line_1_27' title="bbox 323 2512 1555 2584; baseline 0.003 -17"><span class='ocrx_word' id='word_1_166' title='bbox 323 2512 594 2583; x_wconf 85' lang='lat' dir='ltr'><strong>Tempore</strong></span> <span class='ocrx_word' id='word_1_167' title='bbox 611 2529 728 2568; x_wconf 88' lang='lat' dir='ltr'><strong>non</strong></span> <span class='ocrx_word' id='word_1_168' title='bbox 751 2512 860 2568; x_wconf 77' lang='lat' dir='ltr'><strong>alio</strong></span> <span class='ocrx_word' id='word_1_169' title='bbox 884 2513 1082 2569; x_wconf 83' lang='lat' dir='ltr'><strong>dieunt</strong></span> <span class='ocrx_word' id='word_1_170' title='bbox 1107 2515 1424 2584; x_wconf 77' lang='lat' dir='ltr'><strong>regionibus</strong></span> <span class='ocrx_word' id='word_1_171' title='bbox 1449 2516 1555 2571; x_wconf 83' lang='lat' dir='ltr'><strong>illis</strong></span> 
     </span>
     <span class='ocr_line' id='line_1_28' title="bbox 323 2599 1575 2670; baseline 0.004 -17"><span class='ocrx_word' id='word_1_172' title='bbox 323 2599 613 2666; x_wconf 77' lang='lat' dir='ltr'><strong>Quaesitus</strong></span> <span class='ocrx_word' id='word_1_173' title='bbox 637 2599 704 2654; x_wconf 77' lang='lat' dir='ltr'><strong>ad</strong></span> <span class='ocrx_word' id='word_1_174' title='bbox 730 2616 888 2656; x_wconf 81' lang='lat' dir='ltr'><strong>sacra</strong></span> <span class='ocrx_word' id='word_1_175' title='bbox 908 2599 1078 2656; x_wconf 81' lang='lat' dir='ltr'><strong>boves</strong></span> <span class='ocrx_word' id='word_1_176' title='bbox 1103 2599 1346 2670; x_wconf 89' lang='lat' dir='ltr'><strong>Iunonis,</strong></span> <span class='ocrx_word' id='word_1_177' title='bbox 1378 2607 1435 2658; x_wconf 85' lang='lat' dir='ltr'><strong>et</strong></span> <span class='ocrx_word' id='word_1_178' title='bbox 1459 2603 1575 2658; x_wconf 85' lang='lat' dir='ltr'><strong>uris</strong></span> 
     </span>
     <span class='ocr_line' id='line_1_29' title="bbox 317 2685 1577 2755; baseline 0.004 -14"><span class='ocrx_word' id='word_1_179' title='bbox 317 2685 634 2755; x_wconf 83' lang='lat' dir='ltr'><strong>Imparibus</strong></span> <span class='ocrx_word' id='word_1_180' title='bbox 658 2685 854 2741; x_wconf 85' lang='lat' dir='ltr'><strong>duetos</strong></span> <span class='ocrx_word' id='word_1_181' title='bbox 876 2685 992 2742; x_wconf 86' lang='lat' dir='ltr'><strong>alta</strong></span> <span class='ocrx_word' id='word_1_182' title='bbox 1014 2687 1086 2742; x_wconf 84' lang='lat' dir='ltr'><strong>ad</strong></span> <span class='ocrx_word' id='word_1_183' title='bbox 1109 2687 1342 2744; x_wconf 84' lang='lat' dir='ltr'><strong>donaria</strong></span> <span class='ocrx_word' id='word_1_184' title='bbox 1368 2706 1577 2746; x_wconf 79' lang='lat' dir='ltr'><strong>currus.</strong></span> 
     </span>
     <span class='ocr_line' id='line_1_30' title="bbox 316 2771 1656 2845; baseline 0.003 -18"><span class='ocrx_word' id='word_1_185' title='bbox 316 2771 471 2840; x_wconf 84' lang='lat' dir='ltr'><strong>Ergo</strong></span> <span class='ocrx_word' id='word_1_186' title='bbox 494 2787 656 2840; x_wconf 82' lang='lat' dir='ltr'><strong>aegre</strong></span> <span class='ocrx_word' id='word_1_187' title='bbox 680 2773 872 2827; x_wconf 85' lang='lat' dir='ltr'><strong>rastris</strong></span> <span class='ocrx_word' id='word_1_188' title='bbox 894 2779 1100 2828; x_wconf 85' lang='lat' dir='ltr'><strong>terram</strong></span> <span class='ocrx_word' id='word_1_189' title='bbox 1126 2775 1415 2844; x_wconf 86' lang='lat' dir='ltr'><strong>rimantur,</strong></span> <span class='ocrx_word' id='word_1_190' title='bbox 1444 2783 1501 2830; x_wconf 86' lang='lat' dir='ltr'><strong>et</strong></span> <span class='ocrx_word' id='word_1_191' title='bbox 1524 2776 1656 2845; x_wconf 87' lang='lat' dir='ltr'><strong>ipsis</strong></span> 
     </span>
     <span class='ocr_line' id='line_1_31' title="bbox 315 2859 1773 2934; baseline 0.003 -18"><span class='ocrx_word' id='word_1_192' title='bbox 315 2859 615 2928; x_wconf 82' lang='lat' dir='ltr'><strong>Unguibus</strong></span> <span class='ocrx_word' id='word_1_193' title='bbox 637 2859 919 2915; x_wconf 82' lang='lat' dir='ltr'><strong>infodiunt</strong></span> <span class='ocrx_word' id='word_1_194' title='bbox 942 2860 1142 2931; x_wconf 82' lang='lat' dir='ltr'><strong>fruges,</strong></span> <span class='ocrx_word' id='word_1_195' title='bbox 1169 2863 1484 2934; x_wconf 87' lang='lat' dir='ltr'><strong>montisque</strong></span> <span class='ocrx_word' id='word_1_196' title='bbox 1508 2880 1610 2934; x_wconf 89' lang='lat' dir='ltr'><strong>per</strong></span> <span class='ocrx_word' id='word_1_197' title='bbox 1632 2863 1773 2920; x_wconf 78' lang='lat' dir='ltr'><strong>altos</strong></span> 
     </span>
     <span class='ocr_line' id='line_1_32' title="bbox 313 2945 1699 3018; baseline 0.003 -16"><span class='ocrx_word' id='word_1_198' title='bbox 313 2946 607 3002; x_wconf 73' lang='lat' dir='ltr'><strong>Contenta</strong></span> <span class='ocrx_word' id='word_1_199' title='bbox 628 2945 844 3002; x_wconf 73' lang='lat' dir='ltr'><strong>service</strong></span> <span class='ocrx_word' id='word_1_200' title='bbox 865 2947 1102 3002; x_wconf 85' lang='lat' dir='ltr'><strong>trahunt</strong></span> <span class='ocrx_word' id='word_1_201' title='bbox 1125 2947 1417 3004; x_wconf 83' lang='lat' dir='ltr'><strong>stridentia</strong></span> <span class='ocrx_word' id='word_1_202' title='bbox 1442 2949 1699 3018; x_wconf 72' lang='lat' dir='ltr'><strong>plaustra.</strong></span> 
     </span>
     <span class='ocr_line' id='line_1_33' title="bbox 313 3032 1604 3105; baseline 0.002 -16"><span class='ocrx_word' id='word_1_203' title='bbox 313 3033 454 3089; x_wconf 81' lang='lat' dir='ltr'><strong>Non</strong></span> <span class='ocrx_word' id='word_1_204' title='bbox 477 3032 640 3102; x_wconf 84' lang='lat' dir='ltr'><strong>lupus</strong></span> <span class='ocrx_word' id='word_1_205' title='bbox 662 3033 892 3088; x_wconf 86' lang='lat' dir='ltr'><strong>insidias</strong></span> <span class='ocrx_word' id='word_1_206' title='bbox 914 3033 1166 3104; x_wconf 85' lang='lat' dir='ltr'><strong>explorat</strong></span> <span class='ocrx_word' id='word_1_207' title='bbox 1190 3036 1359 3091; x_wconf 83' lang='lat' dir='ltr'><strong>ovilia</strong></span> <span class='ocrx_word' id='word_1_208' title='bbox 1383 3035 1604 3105; x_wconf 74' lang='lat' dir='ltr'><strong>eii-eum,</strong></span> 
     </span>
     <span class='ocr_line' id='line_1_34' title="bbox 309 3120 1815 3189; baseline 0.002 -13"><span class='ocrx_word' id='word_1_209' title='bbox 309 3121 441 3176; x_wconf 80' lang='lat' dir='ltr'><strong>Neo</strong></span> <span class='ocrx_word' id='word_1_210' title='bbox 463 3120 727 3189; x_wconf 83' lang='lat' dir='ltr'><strong>gregibus</strong></span> <span class='ocrx_word' id='word_1_211' title='bbox 747 3125 1052 3176; x_wconf 83' lang='lat' dir='ltr'><strong>nocturnus</strong></span> <span class='ocrx_word' id='word_1_212' title='bbox 1075 3121 1643 3178; x_wconf 74' lang='lat' dir='ltr'><strong>obambulat—serior</strong></span> <span class='ocrx_word' id='word_1_213' title='bbox 1662 3123 1815 3178; x_wconf 88' lang='lat' dir='ltr'><strong>illum</strong></span> 
     </span>
     <span class='ocr_line' id='line_1_35' title="bbox 305 3203 1747 3286; baseline 0.001 -22"><span class='ocrx_word' id='word_1_214' title='bbox 305 3207 471 3265; x_wconf 82' lang='lat' dir='ltr'><strong>Oura</strong></span> <span class='ocrx_word' id='word_1_215' title='bbox 493 3203 938 3262; x_wconf 82' lang='lat' dir='ltr'><strong>domat-timidi</strong></span> <span class='ocrx_word' id='word_1_216' title='bbox 963 3207 1216 3263; x_wconf 84' lang='lat' dir='ltr'><strong>dammae</strong></span> <span class='ocrx_word' id='word_1_217' title='bbox 1240 3209 1499 3280; x_wconf 75' lang='lat' dir='ltr'><strong>eervique</strong></span> <span class='ocrx_word' id='word_1_218' title='bbox 1524 3211 1747 3286; x_wconf 60' lang='lat' dir='ltr'><strong>{ugaees</strong></span> 
     </span>
     <span class='ocr_line' id='line_1_36' title="bbox 303 3293 1755 3364; baseline -0.001 -13"><span class='ocrx_word' id='word_1_219' title='bbox 303 3293 486 3352; x_wconf 81' lang='lat' dir='ltr'><strong>Nune</strong></span> <span class='ocrx_word' id='word_1_220' title='bbox 509 3295 776 3364; x_wconf 83' lang='lat' dir='ltr'><strong>interque</strong></span> <span class='ocrx_word' id='word_1_221' title='bbox 792 3309 957 3349; x_wconf 81' lang='lat' dir='ltr'><strong>osnes</strong></span> <span class='ocrx_word' id='word_1_222' title='bbox 979 3299 1038 3349; x_wconf 82' lang='lat' dir='ltr'><strong>et</strong></span> <span class='ocrx_word' id='word_1_223' title='bbox 1061 3295 1269 3350; x_wconf 79' lang='lat' dir='ltr'><strong>circum</strong></span> <span class='ocrx_word' id='word_1_224' title='bbox 1293 3299 1447 3352; x_wconf 85' lang='lat' dir='ltr'><strong>teota</strong></span> <span class='ocrx_word' id='word_1_225' title='bbox 1468 3309 1755 3364; x_wconf 82' lang='lat' dir='ltr'><strong>vagantur.</strong></span> 
     </span>
     <span class='ocr_line' id='line_1_37' title="bbox 299 3379 1929 3453; baseline 0 -17"><span class='ocrx_word' id='word_1_226' title='bbox 299 3383 436 3442; x_wconf 77' lang='lat' dir='ltr'><strong>Iam</strong></span> <span class='ocrx_word' id='word_1_227' title='bbox 461 3379 633 3436; x_wconf 74' lang='lat' dir='ltr'><strong>maris</strong></span> <span class='ocrx_word' id='word_1_228' title='bbox 655 3379 909 3434; x_wconf 83' lang='lat' dir='ltr'><strong>immensi</strong></span> <span class='ocrx_word' id='word_1_229' title='bbox 932 3380 1144 3450; x_wconf 88' lang='lat' dir='ltr'><strong>prolem</strong></span> <span class='ocrx_word' id='word_1_230' title='bbox 1171 3387 1229 3438; x_wconf 91' lang='lat' dir='ltr'><strong>et</strong></span> <span class='ocrx_word' id='word_1_231' title='bbox 1252 3398 1427 3453; x_wconf 88' lang='lat' dir='ltr'><strong>genus</strong></span> <span class='ocrx_word' id='word_1_232' title='bbox 1452 3399 1615 3439; x_wconf 89' lang='lat' dir='ltr'><strong>omne</strong></span> <span class='ocrx_word' id='word_1_233' title='bbox 1638 3388 1929 3439; x_wconf 77' lang='lat' dir='ltr'><strong>natantum</strong></span> 
     </span>
     <span class='ocr_line' id='line_1_38' title="bbox 299 3467 1809 3538; baseline -0.001 -14"><span class='ocrx_word' id='word_1_234' title='bbox 299 3469 506 3528; x_wconf 84' lang='lat' dir='ltr'><strong>Litore</strong></span> <span class='ocrx_word' id='word_1_235' title='bbox 529 3467 591 3521; x_wconf 78' lang='lat' dir='ltr'><strong>in</strong></span> <span class='ocrx_word' id='word_1_236' title='bbox 618 3468 884 3532; x_wconf 84' lang='lat' dir='ltr'><strong>extreme,</strong></span> <span class='ocrx_word' id='word_1_237' title='bbox 912 3481 1012 3521; x_wconf 83' lang='lat' dir='ltr'><strong>eeu</strong></span> <span class='ocrx_word' id='word_1_238' title='bbox 1037 3469 1303 3538; x_wconf 73' lang='lat' dir='ltr'><strong>naufraga</strong></span> <span class='ocrx_word' id='word_1_239' title='bbox 1327 3483 1579 3538; x_wconf 71' lang='lat' dir='ltr'><strong>eoi-pora,</strong></span> <span class='ocrx_word' id='word_1_240' title='bbox 1608 3467 1809 3523; x_wconf 79' lang='lat' dir='ltr'><strong>fluetus</strong></span> 
     </span>
    </p>
   </div>
   <div class='ocr_carea' id='block_1_3' title="bbox 2253 696 2359 748">
    <p class='ocr_par' dir='ltr' id='par_1_3' title="bbox 2253 696 2359 748">
     <span class='ocr_line' id='line_1_39' title="bbox 2253 696 2359 748; baseline 0.009 -1"><span class='ocrx_word' id='word_1_241' title='bbox 2253 696 2359 748; x_wconf 82' lang='grc'><strong>510</strong></span> 
     </span>
    </p>
   </div>
   <div class='ocr_carea' id='block_1_4' title="bbox 2252 1127 2357 1182">
    <p class='ocr_par' dir='ltr' id='par_1_4' title="bbox 2252 1127 2357 1182">
     <span class='ocr_line' id='line_1_40' title="bbox 2252 1127 2357 1182; baseline -0.019 0"><span class='ocrx_word' id='word_1_242' title='bbox 2252 1127 2357 1182; x_wconf 90' lang='grc'><strong>515</strong></span> 
     </span>
    </p>
   </div>
   <div class='ocr_carea' id='block_1_5' title="bbox 2235 1561 2359 1618">
    <p class='ocr_par' dir='ltr' id='par_1_5' title="bbox 2235 1561 2359 1618">
     <span class='ocr_line' id='line_1_41' title="bbox 2235 1561 2359 1618; baseline -0.032 0"><span class='ocrx_word' id='word_1_243' title='bbox 2235 1561 2359 1618; x_wconf 49' lang='grc'><strong>,580</strong></span> 
     </span>
    </p>
   </div>
   <div class='ocr_carea' id='block_1_6' title="bbox 2252 1999 2359 2052">
    <p class='ocr_par' dir='ltr' id='par_1_6' title="bbox 2252 1999 2359 2052">
     <span class='ocr_line' id='line_1_42' title="bbox 2252 1999 2359 2052; baseline 0 -1"><span class='ocrx_word' id='word_1_244' title='bbox 2252 1999 2359 2052; x_wconf 71' lang='grc'><strong>585</strong></span> 
     </span>
    </p>
   </div>
   <div class='ocr_carea' id='block_1_7' title="bbox 2252 2432 2360 2486">
    <p class='ocr_par' dir='ltr' id='par_1_7' title="bbox 2252 2432 2360 2486">
     <span class='ocr_line' id='line_1_43' title="bbox 2252 2432 2360 2486; baseline 0.019 -2"><span class='ocrx_word' id='word_1_245' title='bbox 2252 2432 2360 2486; x_wconf 85' lang='grc'><strong>580</strong></span> 
     </span>
    </p>
   </div>
   <div class='ocr_carea' id='block_1_8' title="bbox 2254 2865 2359 2918">
    <p class='ocr_par' dir='ltr' id='par_1_8' title="bbox 2254 2865 2359 2918">
     <span class='ocr_line' id='line_1_44' title="bbox 2254 2865 2359 2918; baseline 0.01 -1"><span class='ocrx_word' id='word_1_246' title='bbox 2254 2865 2359 2918; x_wconf 84' lang='grc'><strong>585</strong></span> 
     </span>
    </p>
   </div>
   <div class='ocr_carea' id='block_1_9' title="bbox 2255 3294 2361 3346">
    <p class='ocr_par' dir='ltr' id='par_1_9' title="bbox 2255 3294 2361 3346">
     <span class='ocr_line' id='line_1_45' title="bbox 2255 3294 2361 3346; baseline 0.009 -1"><span class='ocrx_word' id='word_1_247' title='bbox 2255 3294 2361 3346; x_wconf 79' lang='lat'><strong>540</strong></span> 
     </span>
    </p>
   </div>
  </div>
 </body>
</html>
