2725 3892
989 231 1266 284 murm
1308 233 1639 284 mames
1682 233 1746 285 V.

356 393 512 451 Unde
533 412 708 466 genus
729 394 902 450 ducis.
977 393 1153 448 Merui
1180 411 1432 464 quoqu03
1474 411 1637 465 saepe
1660 396 1877 450 furores

353 483 664 554 Compressi
691 487 747 537 et
773 481 982 536 rabiem
1007 488 1218 536 tantam
1245 481 1491 552 caelique
1513 483 1803 552 marisque.

352 569 470 626 Nec
493 571 676 625 minor
698 570 756 622 in
780 569 960 636 terris,
990 567 1274 623 Xanthum
1303 569 1697 639 Simoentaque
1722 574 1914 640 testor,

350 657 578 712 Aeneae
604 656 741 710 mihi
767 671 898 710 cura
922 656 1019 710 tui.
1093 655 1234 710 Cum
1261 656 1426 710 Troia
1453 655 1698 710 Achilles

349 745 682 799 Exanimata
704 759 936 812 sequens
959 743 1128 812 impin
1136 747 1292 812 geret
1317 743 1539 812 agmina
1561 742 1746 811 muris,

351 830 508 886 Milia
529 830 706 884 multa
727 829 887 884 daret
909 829 1038 898 leto,
1068 836 1459 900 gemerentque
1482 830 1679 899 repleti

353 919 576 984 Amnes,
604 932 707 972 nec
731 917 976 985 reperire
1005 916 1150 970 viam
1177 921 1344 985 atque
1370 916 1622 970 evolvere
1646 921 1832 986 posset

349 1003 418 1058 In
439 1019 594 1058 mare
617 1019 676 1058 se
701 1001 972 1068 Xanthus,
1001 1002 1224 1056 Pelidae
1247 1009 1383 1056 tunc
1408 1019 1513 1072 ego
1534 1003 1667 1057 forti

352 1091 718 1160 Congressum
745 1091 976 1144 Aenean
1001 1105 1104 1144 nec
1127 1089 1214 1142 dis
1235 1105 1340 1143 nee
1361 1089 1573 1144 viribus
1596 1090 1783 1159 aequis

350 1176 516 1231 Nube
539 1192 678 1230 cava
700 1175 874 1245 rapui,
904 1191 1162 1244 cuperem
1187 1191 1310 1229 cum
1337 1181 1555 1229 vertere
1580 1176 1649 1231 ab
1672 1178 1787 1230 imo

351 1263 576 1318 Sti-ncta
597 1262 736 1316 meis
758 1261 1012 1316 manibus
1037 1263 1290 1332 periurae
1313 1263 1533 1316 moenia
1556 1261 1763 1318 Troiae.

351 1336 516 1405 Nun'c
541 1366 758 1420 quoque
782 1365 938 1404 mens
962 1349 1154 1412 eadem
1179 1355 1393 1419 perstat
1414 1349 1579 1417 mihi;
1618 1351 1761 1420 pelle
1784 1352 2057 1407 timorem.

351 1437 540 1506 Tutus,
571 1453 708 1506 quos
731 1443 905 1506 optas,
935 1443 1128 1508 portus
1153 1437 1379 1491 accedet
1402 1437 1632 1491 Averni.

354 1525 511 1579 Unus
534 1525 643 1579 erit
665 1528 896 1592 tantum,
926 1525 1186 1578 amissum
1215 1539 1377 1593 quem
1403 1525 1619 1593 gurgite
1645 1541 1904 1594 quaeres3

354 1612 536 1666 Unum
565 1625 667 1681 pro
697 1609 884 1664 multis
907 1610 1130 1675 dabitur
1155 1607 1377 1680 caput.’'

355 1697 457 1753 His
481 1699 576 1753 ubi
598 1699 746 1754 laeta
773 1698 910 1752 deae
933 1699 1218 1767 permulsit
1241 1705 1471 1768 pectora
1494 1699 1671 1768 dictis,

353 1784 542 1855 Iungit
565 1801 734 1856 equos
763 1801 898 1839 auro
918 1785 1150 1854 genitor,
1179 1786 1601 1856 spumantiaque
1624 1786 1779 1841 addit

354 1875 534 1932 Frena
555 1877 707 1947 feris,
735 1877 1093 1948 manibusque
1119 1879 1296 1933 omnis
1321 1879 1559 1934 effundit
1581 1880 1838 1934 habenas.

354 1962 620 2019 Caeruleo
644 1981 746 2036 per
770 1981 983 2020 summa
1007 1966 1144 2020 levis
1167 1965 1318 2020 volat
1343 1981 1584 2036 aequora
1606 1981 1805 2032 curru3
1894 1995 1905 2004 -

353 2049 658 2106 Subsidunt
681 2051 878 2118 undae,
904 2051 1285 2120 tumidumque
1309 2053 1412 2105 sub
1438 2067 1541 2106 axe
1562 2054 1782 2106 tonanti

353 2137 632 2193 Sternitur
655 2153 861 2208 aequor
883 2139 1051 2207 aquis,
1081 2139 1300 2206 fugiunt
1323 2143 1483 2192 vasto
1508 2138 1729 2192 aethere
1754 2138 1943 2192 nimbi.

353 2223 493 2277 Tum
517 2225 702 2280 variae
726 2225 988 2280 comitum
1015 2225 1200 2292 facies,
1227 2224 1489 2278 immania
1514 2233 1648 2292 cete,

351 2311 426 2367 Et.
449 2315 632 2370 senior
657 2317 848 2372 Glauci
873 2317 1090 2384 chorus,
1119 2315 1395 2384 Inousque
1418 2314 1732 2383 Palaemon,

353 2399 712 2473 Tritonesque
737 2405 851 2472 citi,
880 2403 1192 2472 Phorcique
1219 2402 1495 2456 exercitus
1520 2402 1727 2468 omnis3

353 2485 536 2543 Laeva
557 2495 712 2545 tenet
735 2489 940 2556 Thetis,
970 2495 1026 2544 et
1049 2489 1253 2558 Melite,
1281 2489 1649 2558 Panopeaque
1673 2490 1848 2558 virge,
1880 2551 1893 2566 ⁸

353 2573 583 2641 Nesaee,
612 2575 866 2646 Spioque,
895 2575 1212 2646 Thaliaque,
1242 2575 1685 2645 Cymodoceque.
1868 2569 1879 2580 ’
1972 2577 1979 2585 ‘

423 2661 530 2714 Hic
555 2663 726 2730 patris
753 2662 978 2717 Aeneae
1007 2677 1324 2731 suspensam
1351 2662 1557 2718 blanda
1580 2663 1814 2716 vicissim

353 2745 572 2802 Gaudia
595 2753 970 2818 pertemptant
993 2753 1265 2816 mentem3
1303 2749 1463 2804 iubet
1486 2749 1639 2804 ocius
1662 2750 1843 2803 omnis

353 2833 554 2888 Attoni
579 2834 768 2903 malos,
797 2834 1014 2890 intendi
1041 2835 1298 2890 bracchia
1329 2835 1484 2890 velis.

351 2918 478 2974 Una
501 2935 694 2976 omnes
717 2921 898 2976 fecere
922 2919 1134 2991 pedem,
1163 2922 1477 2991 pariterque
1503 2921 1767 2989 sinistros,

351 3003 516 3061 Nunc
541 3005 766 3062 dextros
789 3007 1004 3063 solvere
1027 3007 1210 3076 sinus3
1249 3023 1362 3062 una
1386 3007 1559 3062 ardua
1580 3013 1841 3078 torquent

351 3092 576 3148 Cornua
597 3093 1068 3164 detorquentqu03
1109 3094 1301 3149 ierunt
1325 3109 1425 3149 sua
1446 3095 1669 3149 flamina
1692 3095 1937 3148 classem.

351 3175 616 3250 Princeps
641 3185 768 3234 ante
792 3181 972 3234 omnis
994 3180 1222 3234 densum
1250 3179 1547 3234 Palinurus
1572 3181 1770 3249 agebat

347 3265 602 3333 Agmen3
644 3265 709 3320 ad
737 3265 887 3320 hunc
909 3265 1002 3320 alii
1027 3283 1244 3320 cursum
1271 3266 1607 3322 contendere
1630 3267 1778 3320 iussi.

348 3349 577 3419 Iamque
600 3352 716 3406 fere
737 3351 976 3406 mediam
1001 3353 1138 3408 caeli
1161 3351 1288 3408 Nox
1313 3352 1501 3408 umida
1522 3357 1729 3406 metam

349 3437 705 3506 Contigerat:
745 3435 960 3506 placida
982 3437 1243 3494 laxabant
1267 3439 1516 3493 membra
1539 3438 1725 3506 quiete

347 3523 462 3579 Sub
487 3522 657 3578 remis
679 3521 786 3576 fusi
810 3527 911 3592 pel·
927 3521 1067 3578 dura
1089 3523 1278 3581 sedilia
1299 3531 1533 3581 nautae:

2277 747 2381 798 805

2278 1181 2382 1234 810

2280 1617 2380 1668 815

2278 2053 2383 2105 820

2278 2489 2379 2541 825

2275 2921 2381 2973 830

2277 3349 2381 3399 835
