2725 3892
973 217 1250 269 melu
1291 217 1625 270 Ammos
1666 217 1730 269 V.

337 375 697 450 Nudatosque
720 395 940 433 umeros
964 377 1086 434 oleo
1111 379 1334 448 perfusa
1355 380 1593 434 nitescit.
2269 379 2371 434 185

339 465 643 520 Considunt
667 465 939 533 transtris,
967 465 1292 535 intentaque
1319 467 1580 521 bracchia
1602 467 1803 533 remis;

337 549 544 606 Intenti
569 555 896 620 exspectant
919 552 1160 622 signum,
1189 552 1631 622 exsultantiaque
1656 552 1843 606 haurit

337 637 517 692 Corda
540 654 715 706 pavor
738 637 962 706 pulsans
985 637 1320 706 laudumque
1343 643 1561 693 arrecta
1584 638 1803 707 cupido.

336 722 486 791 Inde,
515 725 612 778 nbi
635 724 785 779 clara
807 723 963 778 dedit
979 725 1220 778 sonitum
1247 725 1399 793 tuba,
1426 724 1629 778 finibus
1652 741 1859 792 omnes,

339 809 499 864 Haud
523 827 693 881 mora,
721 811 1028 880 prosiluere
1051 812 1196 879 snis;
1237 811 1371 864 ferit
1395 810 1621 866 aethera
1642 811 1853 866 clamor
2267 812 2370 868 140

337 897 620 965 Nauticus,
649 897 900 952 adductis
921 903 1183 968 spumant
1207 898 1352 953 freta
1374 914 1533 952 versa
1555 897 1791 952 lacertis.
2068 886 2073 891 ¹

334 983 620 1040 Infindunt
643 984 852 1052 pariter
877 983 1073 1052 sulcos,
1101 988 1395 1053 totumque
1418 983 1655 1039 dehiscit

334 1071 674 1126 Convulsum
698 1072 868 1126 remis
891 1072 1194 1140 rostrisque
1215 1070 1551 1126 tridentibus
1572 1087 1791 1142 aequor.

205 1150 220 1163 '
333 1156 459 1212 Non
485 1163 602 1212 tam
627 1157 956 1228 praecipites
979 1157 1166 1227 biiugo
1187 1158 1491 1212 certamine
1514 1173 1767 1227 campum

335 1241 665 1310 Corripuere
689 1248 966 1312 ruuntque
989 1242 1146 1296 effusi
1169 1257 1393 1297 carcere
1416 1259 1625 1310 currus,
2172 1243 2188 1257 ‘
2262 1245 2365 1298 145

333 1328 452 1384 Nec
477 1329 556 1383 sic
581 1329 842 1382 immissis
871 1330 1092 1398 aurigae
1113 1329 1381 1384 undantia
1402 1329 1523 1384 lora

335 1416 672 1472 Concussere
699 1415 842 1484 iugis
869 1416 1140 1485 pronique
1163 1416 1220 1470 in
1247 1417 1479 1472 verbera
1500 1417 1761 1486 pendent.

334 1503 470 1556 Tum
497 1503 690 1573 plausu
717 1502 1052 1570 fremituque
1076 1501 1256 1554 virum
1279 1503 1583 1572 studiisque
1604 1503 1895 1558 faventum

336 1593 620 1647 Consonat
643 1607 807 1646 omne
829 1607 1039 1657 nemus,
1065 1605 1369 1658 vocemque
1392 1589 1605 1643 inclusa
1628 1590 1883 1644 volutant

333 1678 536 1746 Litora,
567 1678 765 1748 pulsati
793 1676 962 1731 colles
985 1676 1224 1730 clamore
1249 1674 1537 1730 resultant.
2264 1679 2365 1732 150

333 1768 546 1837 Effugit
573 1771 702 1821 ante
729 1764 867 1819 alios
892 1767 1192 1836 primisque
1215 1766 1453 1822 elabitur
1477 1766 1639 1822 undis

333 1853 569 1909 Turbam
595 1854 743 1908 inter
771 1853 1164 1922 fremitumque
1189 1853 1369 1922 Gyas3
1410 1871 1571 1924 quem
1596 1854 1795 1910 deinde
1821 1853 2129 1908 Cloanthus

333 1944 718 2014 Consequitur,
751 1943 945 1998 melior
969 1944 1151 2010 remis,
1177 1943 1276 1997 sed
1298 1941 1545 2011 pondere
1566 1942 1729 2010 pinus

331 2030 512 2086 Tarda
533 2037 702 2086 tenet.
776 2029 914 2086 Post
936 2032 1041 2086 hos
1064 2048 1240 2101 aequo
1262 2032 1579 2086 discrimine
1604 2031 1801 2085 Pristis

332 2117 746 2186 Centaurusque
769 2117 952 2171 locum
977 2117 1216 2172 tendunt
1239 2134 1499 2186 superare
1520 2118 1795 2186 priorem3
2261 2118 2361 2170 155

330 2205 406 2262 Et
430 2224 574 2263 nnnc
601 2207 794 2262 Pristis
816 2209 1004 2278 habet,
1035 2223 1184 2263 nune
1207 2207 1411 2262 victam
1438 2205 1703 2276 praeterit
1724 2206 1919 2272 ingens

333 2297 656 2368 Centaurus,
686 2313 833 2354 nune
857 2313 970 2354 una
991 2297 1186 2354 ambae
1207 2297 1519 2367 iunctisque
1540 2296 1801 2350 feruntur

331 2383 628 2440 Frontibus
651 2391 710 2441 et
731 2385 896 2456 longa
918 2385 1132 2442 sulcant
1154 2383 1300 2440 vada
1321 2384 1461 2440 salsa
1484 2384 1687 2440 carina.

331 2471 556 2544 Iamque
579 2472 1028 2543 propinquabant
1051 2471 1280 2542 scopulo
1303 2478 1615 2541 metamque
1636 2469 1921 2538 tenebant,

331 2557 471 2613 Cum
496 2561 752 2630 princeps
774 2559 1068 2628 medioque
1095 2558 1250 2628 Gyas
1271 2559 1330 2611 in
1355 2557 1573 2626 gurgite
1599 2557 1775 2612 vietor
1942 2605 1947 2608 .
2259 2557 2363 2610 160

331 2643 620 2702 Rectorem
646 2646 806 2702 navis
827 2645 1123 2715 compellat
1145 2659 1284 2699 voce
1304 2643 1633 2699 Menoeten:

334 2732 370 2761 “
384 2731 507 2798 Quo
530 2739 746 2788 tantum
771 2733 909 2787 mihi
933 2732 1130 2786 dexter
1153 2731 1312 2786 abis?
1347 2731 1459 2786 hnc
1482 2730 1659 2800 dirige
1681 2737 1957 2798 gressuum

331 2817 486 2873 Litus
507 2837 646 2887 ama,
675 2825 732 2874 et
754 2819 940 2873 laevas
967 2819 1204 2888 stringat
1229 2818 1345 2872 sine
1374 2817 1613 2887 palmula
1632 2821 1851 2882 cautes3

331 2905 524 2960 Altum
549 2906 644 2960 alii
669 2904 952 2960 teneant.’'
1025 2904 1212 2970 Dixit3
1253 2904 1348 2958 sed
1376 2920 1543 2959 caeca
1563 2903 1849 2957 Menoetes

330 2991 474 3046 Saxa
497 2993 699 3046 timens
721 3007 942 3061 proram
965 2990 1146 3060 pelagi
1170 2991 1468 3060 detorquet
1489 2989 1555 3044 ad
1582 2990 1773 3044 undas.
2260 2990 2362 3042 1⁶5

333 3081 366 3108 ‘⁴
388 3078 512 3144 Quo
536 3078 788 3132 diversus
813 3078 962 3133 abis?
982 3077 1015 3104 ”
1051 3078 1254 3132 iterum
1284 3077 1320 3108 “
1338 3077 1475 3131 Pete
1500 3093 1647 3144 saxa,
1672 3075 1953 3130 Menoetel
1978 3075 2013 3104 ”

329 3164 464 3218 Cum
493 3165 735 3220 clamore
760 3163 911 3231 Gyas
934 3165 1262 3230 revocabat3
1303 3167 1362 3218 et
1386 3179 1513 3217 ecce
1537 3163 1872 3218 Cloanthum

329 3251 578 3322 Respicit
601 3251 896 3306 instantem
922 3257 1096 3320 terge,
1125 3254 1182 3304 et
1205 3250 1467 3318 propiora
1488 3253 1787 3302 tenentem.

327 3337 427 3393 Ille
449 3341 598 3393 inter
621 3353 932 3406 navemque
957 3337 1110 3403 Gyae
1134 3334 1497 3404 scopulosque
1520 3335 1769 3388 sonantis

327 3423 495 3480 Radit
518 3427 632 3479 iter
653 3423 874 3477 laevum
895 3422 1144 3490 interior,
1165 3421 1463 3490 subitoque
1484 3420 1729 3490 priorem
2263 3413 2365 3470 1⁷0

329 3509 606 3564 Praeterit
631 3512 690 3562 et
713 3507 878 3560 metis
899 3512 1056 3562 tenet
1080 3521 1318 3575 aequora
1339 3513 1463 3559 tuta
1484 3505 1707 3560 relictis.
