2725 3892
943 210 1216 263 vultam
1259 210 1589 263 AENEmos
1635 210 1719 263 XI.

311 374 652 443 Mandemus,
683 373 776 444 qui
801 372 950 427 solus
972 373 1150 428 honos
1176 374 1499 428 Acheronte
1528 374 1631 428 sub
1656 374 1769 427 imo
1794 350 1936 428 est.”

209 472 230 485 ·
316 464 350 491 “
368 461 470 531 Ite,
480 460 508 489 '’
535 462 629 529 sit,
663 463 696 489 ‘⁴
714 460 962 529 egregias
987 462 1212 528 animas,
1240 477 1380 536 quse
1406 462 1671 529 sanguine
1696 460 1855 513 nobis

311 546 472 602 Hanc
496 547 728 616 patriam
757 562 1019 615 peperere
1042 562 1158 629 suo²
1188 546 1447 603 decorate
1472 547 1745 616 supremis

311 634 648 701 Muneribus,
677 642 1050 701 maestamque
1073 632 1318 687 Euandri
1343 635 1555 703 primus
1582 632 1651 689 ad
1678 634 1870 687 urbem

310 720 566 775 Mittatur
591 720 787 787 Pallas,
818 736 978 788 quem
1002 735 1118 773 non
1143 720 1364 774 virtutis
1389 726 1641 789 egentem

312 806 562 860 Abstulit
587 810 710 861 atra.
731 804 850 859 dies
874 810 931 859 et
956 806 1366 860 funeremersit
1392 806 1646 860 acerb0.’'

385 893 475 949 Sic
499 895 578 949 ait
601 894 954 951 inlacrimans
977 894 1282 963 recipitque
1309 894 1379 949 sd
1404 894 1595 949 limina
1620 910 1881 963 gressum,

313 980 532 1049 Corpus
555 980 650 1035 ubi
677 981 917 1035 exanimi
939 980 1176 1050 positum
1207 981 1473 1035 Pallantis
1499 981 1740 1035 Acoetes

313 1068 583 1123 Serv-abst
607 1069 806 1137 senior,
835 1070 930 1139 qui
955 1068 1251 1124 Parrhasio
1273 1069 1535 1124 Euandro

313 1155 574 1223 Armiger
598 1162 726 1209 ante
754 1156 871 1224 fuit,
901 1156 998 1210 sed
1023 1173 1134 1210 non
1159 1156 1413 1211 felicibus
1437 1174 1609 1227 seque

313 1242 457 1295 Tum
481 1257 664 1296 comes
688 1243 944 1312 auspiciis
968 1258 1098 1297 caro
1123 1243 1286 1298 datus
1309 1244 1427 1297 ibat
1450 1244 1689 1297 alumna

313 1330 536 1385 Circum
562 1332 742 1386 omnis
772 1332 1146 1401 famulumque
1170 1349 1365 1387 manus
1390 1333 1737 1403 Troianaque
1760 1331 1923 1386 turbs

313 1416 388 1471 Et
411 1422 682 1472 maestum
707 1416 912 1473 Iliades
935 1418 1142 1473 crinem
1167 1420 1236 1474 de
1261 1436 1413 1475 more
1440 1420 1665 1474 solutae.

315 1502 394 1559 Ut
420 1521 552 1560 vero
577 1505 796 1561 Aeneas
823 1506 1036 1560 foribus
1060 1523 1180 1561 sese
1203 1507 1393 1561 intulit
1416 1506 1556 1576 altis,

313 1590 604 1663 Ingentem
629 1596 895 1665 gemitum
922 1596 1100 1649 tunsis
1127 1596 1195 1650 ad
1222 1596 1403 1649 sidera
1427 1594 1630 1648 tollunt

313 1674 658 1750 Pectoribus,
686 1689 1006 1753 maestoque
1030 1684 1286 1753 immugit
1311 1684 1463 1751 regia
1484 1670 1658 1736 luctu.

314 1765 456 1838 Ipse,
488 1776 654 1839 caput
679 1770 828 1824 nivei
853 1770 1056 1823 fultum
1083 1770 1350 1825 Pallantis
1374 1776 1431 1825 et
1457 1786 1555 1824 ors,

315 1852 393 1909 Ut
421 1856 559 1911 vidit
583 1858 800 1928 levique
824 1864 1022 1929 patens
1045 1860 1104 1913 in
1129 1865 1354 1929 pectore
1380 1859 1576 1913 volnus

317 1944 574 2013 cuspidis
603 1945 894 2015 Ausoniae,
921 1946 1160 1999 lacrimis
1185 1948 1261 2001 ita
1285 1936 1703 2000 fatur'obortis:

319 2022 572 2099 “Tene‚''
601 2034 794 2102 inquit,
828 2034 862 2062 “
879 2032 1188 2087 miserande
1213 2048 1366 2103 puer,
1391 2050 1516 2086 cum
1542 2033 1687 2087 laets
1714 2034 1941 2101 veniret,

314 2120 523 2175 Invidit
549 2122 796 2177 Fortuna
819 2122 972 2189 mihi,
1001 2138 1071 2176 ne
1099 2138 1266 2191 regna
1291 2121 1505 2175 videres

315 2206 540 2275 Nostra,
567 2226 746 2277 neque
771 2209 838 2263 ad
867 2208 1022 2263 sedes
1050 2210 1226 2263 victor
1249 2210 1514 2264 veherere
1538 2208 1831 2278 paternas?

315 2294 445 2348 Non
472 2295 610 2349 haec
635 2294 894 2350 Euandro
921 2297 990 2351 de
1015 2304 1070 2351 te
1095 2297 1364 2366 promissa
1389 2298 1603 2365 parenti

313 2382 618 2439 Discedens
643 2385 916 2449 dederam,
946 2402 1074 2440 cum
1099 2402 1186 2438 me
1212 2384 1531 2453 complexus
1557 2389 1778 2439 euntem

313 2470 563 2527 Mitteret
587 2474 646 2527 in
669 2490 928 2543 magnum
953 2472 1262 2541 imperium,
1289 2476 1647 2540 metuensque
1680 2474 1931 2524 moneret

315 2559 479 2613 Acris
503 2576 622 2614 esse
648 2560 823 2631 viros3
865 2576 992 2614 cum
1018 2558 1154 2613 dura
1179 2556 1391 2627 proelia
1415 2562 1595 2626 gente.

313 2643 558 2701 Efnunc
581 2642 674 2701 ille
699 2646 922 2717 quidem
947 2662 1046 2715 spe
1068 2644 1304 2699 multum
1334 2648 1528 2713 captus
1551 2644 1701 2697 inani

313 2730 452 2786 Fors
477 2738 534 2787 et
558 2738 686 2788 vota
709 2732 862 2801 facit,
891 2732 1242 2801 cumulatque
1267 2730 1463 2785 altaria
1488 2730 1679 2797 donis;

313 2814 434 2874 Nos
455 2818 712 2873 iuvenem
740 2820 1055 2875 exanimum
1082 2824 1140 2873 et
1163 2818 1241 2872 nil
1267 2818 1375 2872 iam
1403 2810 1729 2872 caelestibns
1750 2816 1877 2871 ullis

315 2904 624 2961 Debentem
649 2922 794 2961 vano
816 2906 1012 2960 maesti
1037 2905 1366 2960 comitamur
1388 2904 1620 2959 honore.

317 2990 530 3061 Infelix,
558 2988 676 3048 nati
699 2993 868 3047 funus
891 2992 1112 3047 crudele
1141 2991 1379 3047 videbis!

317 3076 392 3132 Hi
415 3079 590 3134 nostri
615 3078 842 3145 reditus,
872 3078 1282 3149 exspectatique
1307 3079 1613 3151 triumphi?
1650 3100 1700 3111 ·-
1719 3104 1749 3111 ··

276 3173 288 3181 ·
317 3164 469 3220 Haec
493 3182 620 3221 mes
640 3159 842 3233 magna
863 3165 1036 3219 fides?
1109 3166 1190 3219 At
1213 3182 1342 3229 non,
1369 3156 1645 3233 Euandre,
1672 3164 1943 3235 pudendis

316 3249 656 3325 Volneribus
679 3252 894 3322 pulsum
922 3252 1186 3322 aspicies3
1227 3266 1331 3306 nec
1355 3252 1565 3321 sospite
1590 3252 1771 3305 dirum

322 3337 554 3407 Optabis
575 3344 711 3394 nato
733 3338 899 3393 funus
923 3344 1098 3409 pater.
1172 3338 1236 3393 Ei
1268 3336 1422 3403 mihi,
1452 3344 1723 3409 quantum

241 3398 272 3440 Ἴ
320 3422 660 3479 Praesidium
687 3423 934 3479 Ausonia
958 3430 1017 3479 et
1042 3428 1308 3494 quantum
1336 3428 1401 3477 tu
1425 3422 1625 3491 perdis,
1642 3422 1805 3501 Iule!
1828 3423 1916 3455 ''⁴-
2000 3502 2010 3507 ί

391 3506 540 3565 Haec
563 3509 661 3565 ubi
686 3507 924 3577 deflevit,
955 3508 1076 3565 tolli
1099 3508 1412 3563 miserabile
1439 3524 1639 3576 corpus

2276 547 2345 597 25

2282 984 2349 1032 80

2282 1422 2349 1471 35

2280 1858 2351 1909 40

2282 2295 2351 2345 45

2284 2730 2353 2781 50

2286 3164 2353 3215 55
