2725 3892
1033 195 1312 248 VERGILI
1356 195 1686 247 Ammmos
1728 196 1791 246 V.

394 361 662 431 Epytides
685 359 852 427 longe
876 358 1032 413 dedit
1053 359 1411 428 insonuitque
1432 357 1667 426 flagello·

397 448 506 502 Olli
530 449 839 502 discurrere
862 461 1040 515 pareS,
1069 451 1234 516 atque
1259 445 1651 514 agmina'terni

395 534 652 590 Diductis
675 532 892 588 solvere
915 531 1113 602 choris,
1142 547 1441 602 rursusque
1458 532 1644 586 vocati

397 621 738 676 Convertere
761 621 878 674 vias
899 619 1208 688 infestaque
1233 619 1344 672 tela
1368 618 1563 672 tulere.

395 707 533 763 Inde
557 708 695 763 alios
721 708 917 760 ineunt
940 722 1132 760 cursus
1155 705 1401 775 aliosque
1422 721 1677 759 recursus

398 793 634 848 Adversi
660 792 867 862 spatiis,
898 792 1248 861 alternosque
1275 791 1501 846 orbibus
1526 793 1675 845 orbis

395 879 730 949 Impediunt,
757 893 1084 948 pugnaeque
1109 878 1258 932 cient
1281 877 1572 932 simulacra
1595 879 1697 932 sub
1722 878 1921 946 armis3

395 967 470 1021 Et
495 983 644 1021 nunc
668 971 824 1034 terga
845 966 982 1034 fuga
1003 964 1236 1030 nudant,
1263 979 1413 1019 nunc
1440 965 1653 1033 spicula
1672 969 1905 1018 vertunt

396 1053 628 1120 lurensi,
657 1053 803 1107 facta
823 1052 1038 1121 pariter
1061 1067 1210 1105 nunc
1235 1045 1373 1120 pace
1397 1052 1665 1106 feruntur.

397 1139 474 1194 Ut
499 1138 780 1209 quondam
803 1137 972 1192 Creta
997 1138 1175 1191 fertur
1199 1137 1575 1206 Labyrinthus
1598 1139 1653 1191 in
1680 1137 1794 1192 alta

396 1225 710 1280 Parietibus
731 1230 948 1278 textum
975 1224 1152 1279 caecis
1177 1225 1302 1289 iter,
1333 1225 1739 1293 ancipitemque

395 1313 548 1368 Mille
572 1311 680 1365 viis
702 1311 958 1365 habuisse
975 1310 1180 1378 dolum,
1209 1327 1318 1380 qua
1341 1311 1501 1379 signa
1524 1310 1787 1380 sequendi

393 1399 636 1454 Fallet-et
657 1397 1020 1466 indeprensus
1043 1403 1102 1452 et
1123 1396 1497 1452 inremeabilis
1519 1413 1708 1452 error:

395 1485 562 1541 Haud
585 1483 696 1540 alio
721 1483 990 1538 Teucrum
1013 1484 1132 1538 nati
1157 1483 1393 1552 vestigia
1414 1499 1579 1538 cursu

396 1571 730 1642 Impediunt,
759 1574 1066 1640 texuntque
1083 1569 1240 1640 fugas
1263 1577 1322 1624 et
1345 1571 1558 1640 proelia
1581 1571 1741 1640 ludo;

395 1659 736 1728 Delphinum
767 1656 988 1726 similes,
1018 1658 1108 1727 qui
1131 1673 1232 1727 per
1255 1657 1429 1712 maria
1452 1658 1637 1713 umida
1661 1660 1847 1715 nando

397 1749 758 1819 Carpathium
785 1748 1162 1816 Libycumque
1187 1751 1379 1802 secant
1404 1745 1729 1816 [luduntque
1753 1761 1853 1814 per
1877 1743 2091 1814 undasJ.

394 1835 560 1891 Hunc
581 1853 792 1890 morem
821 1851 1012 1889 cursus
1037 1839 1200 1903 atque
1226 1834 1366 1887 haec
1390 1834 1693 1888 certamina
1714 1833 1923 1901 primus

397 1924 684 1992 Ascanius,
715 1922 961 1991 Longam
987 1921 1160 1974 muris
1183 1935 1310 1974 cum
1335 1919 1587 1988 cingeret
1614 1919 1830 1989 Albam,

395 2011 637 2067 Rettulit
661 2015 721 2064 et
743 2009 962 2064 Priscos
983 2009 1174 2065 docuit
1198 2010 1480 2065 celebrare
1502 2011 1747 2078 Latinos,

377 2098 521 2164 Quo
543 2115 684 2168 puer
709 2098 828 2168 ipse
851 2097 1035 2167 modo,
1063 2113 1252 2152 secum
1276 2112 1389 2165 quo
1414 2097 1579 2151 Troia
1603 2096 1806 2165 pubes3

397 2185 600 2239 Albani
625 2185 864 2239 docuere
889 2201 1047 2252 suos;
1089 2183 1220 2238 hinc
1243 2183 1485 2238 maxima
1509 2197 1677 2251 porro

396 2270 633 2340 Accepit
656 2269 852 2340 Roma,
883 2275 942 2326 et
965 2270 1208 2339 patrium
1237 2269 1479 2324 servavit
1502 2269 1802 2332 honorem:

393 2356 662 2426 Troiaque
689 2373 853 2428 nunc,
881 2357 1040 2426 pueri
1065 2355 1364 2410 Troianum
1392 2355 1594 2410 dicitur
1619 2371 1829 2424 agmen.

394 2443 514 2498 Hac
539 2443 817 2498 celebrata
839 2447 1004 2498 tenus
1025 2449 1218 2498 sancto
1241 2444 1549 2498 certamina
1572 2444 1737 2513 patri.

463 2529 572 2584 Hic
597 2530 838 2599 primum
863 2529 1112 2584 Fortuna.
1133 2529 1300 2584 fidem
1325 2535 1541 2585 mutata
1564 2530 1807 2584 novavit.

393 2615 542 2671 Dum
566 2617 736 2671 variis
762 2617 976 2671 tumulo
1003 2617 1254 2672 referunt
1277 2615 1569 2671 sollemnia
1599 2617 1758 2686 ludis,

393 2701 524 2756 Irim
549 2701 620 2758 de
645 2700 800 2758 caelo
823 2703 976 2756 misit
1000 2701 1258 2759 Saturnia
1282 2703 1427 2758 Iuno

393 2787 622 2844 Iliacam
647 2789 718 2844 ad
745 2789 988 2858 classem,
1019 2797 1324 2859 ventosque
1347 2791 1557 2858 aspirat
1581 2790 1749 2858 eunti,

393 2874 570 2930 Multa
594 2891 837 2940 movens,
864 2874 1100 2930 necdum
1127 2876 1415 2945 antiquum
1439 2881 1685 2930 saturata
1706 2873 1973 2930 dolorem.

395 2962 512 3026 llla,
541 2964 690 3016 viam
719 2962 964 3016 celerans
987 2977 1088 3030 per
1111 2961 1264 3016 mille
1289 2962 1569 3017 coloribus
1596 2979 1799 3030 arcum,

395 3048 548 3103 Nulli
573 3049 691 3104 visa
717 3049 828 3103 cito
853 3048 1098 3102 decurrit
1121 3049 1344 3103 tramite
1368 3051 1545 3118 virgo.

393 3135 681 3205 Conspicit
702 3135 984 3205 ingentem
1011 3151 1358 3198 concursum,
1389 3141 1447 3190 et
1470 3136 1635 3190 litora
1658 3135 1874 3204 lustrat,

394 3221 766 3291 Desertosque
791 3222 946 3275 videt
971 3225 1168 3290 portus
1191 3221 1530 3291 classemque
1555 3222 1821 3276 relictam.

394 3308 476 3363 At
499 3308 695 3378 procul
715 3309 776 3362 in
799 3307 917 3363 sola
941 3313 1186 3362 secretae
1209 3306 1455 3362 Troades
1478 3315 1602 3363 scta

396 3394 679 3449 Amissum
701 3393 988 3448 Anchisen
1017 3391 1238 3460 flebant,
1267 3399 1607 3463 cunctaeque
1633 3393 1972 3462 profundum

395 3479 636 3536 Pontum
663 3480 1026 3550 aspectabant
1048 3477 1258 3532 flentes.
1334 3479 1459 3533 Heu
1484 3486 1573 3534 tot
1600 3479 1739 3534 vada
1762 3479 1927 3534 fessis

2326 446 2433 499 580

2328 879 2429 932 585

2316 1313 2423 1367 590

2324 1747 2429 1799 595

2328 2186 2433 2238 600

2328 2620 2431 2672 605

2331 3053 2433 3103 610

2334 3479 2435 3532 615
