2725 3892
1012 215 1289 269 VERGILI
1330 217 1663 270 ammos
1703 219 1792 270 vi.

397 375 660 449 Prospexi
686 378 902 434 Italiam
930 394 1146 433 summa
1169 377 1423 433 sublimis
1446 377 1517 433 ab
1540 379 1708 434 unda.

395 463 668 520 Paulatim
694 465 965 520 adnabam
989 471 1201 532 terrae;
1239 466 1351 520 iam
1378 471 1503 520 tuta
1524 467 1800 534 tenebam,

394 550 444 605 Ν
450 553 469 605 i
493 569 627 621 gens
651 551 888 606 crudelis
909 551 1133 607 madida
1154 567 1280 606 cum
1307 556 1461 606 veste
1482 559 1770 620 gravatum

393 637 862 709 Prensantemque
885 639 1042 693 uncis
1061 638 1316 692 manibus
1339 638 1523 708 capita
1546 654 1735 707 aspera
1758 639 1967 696 montis

393 724 564 779 Ferro
585 725 891 795 invasisset,
919 725 1288 795 praedamque
1311 726 1505 794 ignara
1524 731 1789 798 putasset.

394 809 556 866 Nunc
579 828 670 867 me
695 811 894 867 fluctus
917 811 1100 881 habet,
1129 816 1461 881 versantque
1484 813 1543 865 in
1568 812 1733 867 litore
1758 813 1927 868 venti.

393 897 554 964 Quod
580 903 638 952 te
660 915 762 967 per
786 898 921 953 caeli
944 897 1242 952 iucundum
1267 898 1455 952 lumen
1480 902 1537 952 et
1560 914 1735 968 auras,

391 984 502 1038 Per
524 986 832 1054 genitorem
858 1001 974 1053 oro,
1001 1001 1102 1054 per
1123 1001 1248 1054 spes
1271 986 1549 1054 surgentis
1574 985 1691 1054 Iuli,

391 1070 560 1141 Eripe
583 1087 672 1126 me
697 1071 798 1140 his,
824 1071 1048 1140 invicte,
1077 1071 1266 1126 malis:
1307 1077 1405 1126 aut
1426 1075 1491 1126 tu
1512 1072 1649 1126 mihi
1674 1077 1881 1128 terram
1972 1109 1977 1114 ι

393 1155 558 1224 Inice,
587 1173 822 1228 namque
846 1162 1020 1227 potes,
1047 1161 1352 1228 portusque
1376 1158 1597 1228 require
1621 1157 1869 1228 Velinus,

393 1244 512 1298 Aut
535 1249 613 1310 tu,
641 1245 687 1298 si
714 1261 822 1314 qua
845 1245 936 1300 via
959 1247 1058 1310 est,
1087 1243 1132 1297 si
1158 1259 1322 1313 quam
1345 1243 1449 1299 tibi
1474 1244 1607 1298 diva
1628 1247 1866 1300 creatrix

393 1331 900 1400 Ostenditf-ueque
928 1331 1092 1400 enim,
1123 1331 1304 1400 crede,
1331 1331 1453 1388 sine
1475 1333 1702 1387 numine
1724 1333 1913 1388 divom

389 1417 642 1472 Flumina
665 1422 823 1472 tanta
845 1433 1010 1487 paras
1033 1417 1392 1487 Stygiamque
1415 1419 1609 1472 innare
1633 1419 1963 1488 paludem-

391 1504 480 1560 Da
499 1504 752 1558 dextram
775 1504 994 1571 misero,
1020 1509 1080 1558 et
1100 1509 1286 1559 tecum
1309 1521 1399 1558 me
1421 1504 1556 1559 tolle
1577 1521 1679 1574 per
1700 1505 1890 1575 undas,

391 1591 622 1644 Sedibus
647 1597 712 1644 nt
734 1589 931 1644 saltem
957 1589 1190 1659 placidis
1212 1591 1272 1644 in
1295 1597 1477 1645 morte
1501 1591 1834 1660 quiescam.'’

389 1677 542 1732 Talia
563 1678 712 1732 fatus
735 1680 870 1745 erat,
899 1677 1082 1746 coepit
1105 1693 1228 1732 cum
1253 1677 1388 1731 talia
1410 1682 1595 1732 vates:

394 1766 428 1794 ‘⁶
447 1763 608 1818 Unde
632 1763 784 1832 haec,
813 1779 848 1817 o
873 1762 1149 1834 Palinure,
1178 1763 1277 1818 tibi
1304 1771 1421 1818 tam
1448 1765 1573 1818 dira
1596 1764 1833 1834 cupido?

388 1851 468 1907 Tu
493 1854 714 1925 Stygias
737 1855 1056 1911 inhumatus
1078 1872 1246 1925 aquas
1270 1871 1595 1926 amnemque
1621 1871 1873 1910 severum

387 1936 754 1994 Eumenidum
782 1941 1026 2010 aspicies,
1055 1941 1308 2010 ripamve
1333 1941 1570 1994 iniussus
1598 1940 1813 1995 adibis?

389 2022 590 2080 Desine
613 2026 732 2080 fata
755 2026 916 2081 deum
943 2027 1092 2080 flecti
1116 2041 1340 2095 sperare
1362 2024 1657 2095 precando.

389 2110 498 2165 Sed
525 2128 658 2181 cape
680 2112 830 2168 dicta
852 2129 1078 2180 memor,
1107 2113 1232 2166 duri
1255 2112 1461 2167 solacia
1482 2127 1656 2167 casus.

388 2195 534 2252 Nam
557 2203 656 2254 tua
677 2199 916 2262 finitimi,
943 2198 1106 2268 longe
1129 2199 1346 2268 lateque
1370 2213 1473 2268 per
1498 2199 1663 2253 urbes

386 2281 660 2354 Prodigiis
684 2287 792 2340 acti
817 2286 1158 2354 caelestibus,
1187 2301 1314 2340 ossa
1331 2285 1583 2356 piabunt,

387 2368 462 2426 Et
486 2376 732 2426 statuent
755 2373 1044 2441 tumulum,
1073 2378 1132 2426 et
1153 2372 1371 2428 tumulo
1398 2371 1689 2427 sollemnia
1712 2371 1955 2441 mittent,

385 2456 802 2528 Aeternumque
826 2459 982 2514 locus
1005 2458 1254 2514 Palinuri
1279 2473 1486 2514 nomen
1510 2457 1795 2515 habebit.”

387 2543 490 2599 His
512 2544 674 2600 dictis
698 2561 862 2600 curae
887 2550 1118 2612 emotae,
1147 2545 1447 2616 pulsusque
1468 2561 1769 2616 parumper

387 2629 568 2686 Corde
593 2631 756 2685 dolor
780 2631 954 2686 tristi:
999 2632 1202 2700 gaudet
1223 2633 1557 2702 cognomine
1579 2637 1747 2687 terra.

455 2716 603 2785 Ergo
627 2716 737 2771 iter
757 2717 1038 2788 inceptum
1061 2725 1338 2788 peragunt
1365 2719 1642 2788 fluvioque
1664 2719 2057 2788 propinquant·

387 2800 594 2858 Navita
615 2819 754 2872 quos
777 2804 887 2859 iam
910 2804 1040 2858 inde
1065 2811 1128 2859 ut
1153 2805 1346 2874 Stygia
1368 2805 1657 2874 prospexit
1678 2807 1749 2860 ab
1770 2804 1923 2860 unda

384 2889 494 2944 Per
515 2891 746 2946 tacitum
773 2907 968 2946 nemus
989 2893 1072 2946 ire
1095 2891 1401 2962 pedemque
1425 2892 1715 2948 advertere
1738 2893 1907 2962 ripae,

383 2977 474 3032 Sic
497 2978 653 3047 prior
677 2977 992 3047 aggreditur
1017 2979 1194 3047 dictis,
1223 2983 1391 3049 atque
1412 2980 1663 3048 increpat
1684 2979 1866 3034 ultro:

387 3065 424 3093 ‘⁶
442 3061 706 3134 Quisquis
728 3081 802 3130 es,
831 3069 1072 3120 armatus
1097 3066 1190 3134 qui
1213 3069 1409 3120 nostra
1430 3065 1501 3120 ad
1524 3065 1755 3120 fiumina
1776 3065 1975 3132 tendis,

381 3147 526 3204 Fare
549 3165 666 3219 age,
695 3145 826 3219 quid
849 3151 1052 3219 venias,
1079 3151 1190 3206 iam
1210 3152 1393 3221 istinc,
1422 3157 1481 3206 et
1504 3152 1807 3222 comprime
1830 3167 2095 3220 gressum.

383 3234 722 3290 Umbrarum
746 3235 838 3290 hic
859 3236 1012 3291 locus
1033 3242 1134 3304 est,
1163 3237 1357 3292 Somni
1383 3235 1687 3307 Noctisque
1708 3251 1976 3306 sopora03

382 3320 630 3393 Corpora
652 3321 783 3376 viva
804 3323 959 3376 nefas
982 3322 1178 3390 Stygia
1197 3328 1421 3378 vectare
1447 3325 1649 3378 carina.

379 3407 502 3464 Nee
525 3425 664 3463 vero
687 3407 920 3462 Alciden
946 3424 1036 3462 me
1061 3424 1180 3462 sum
1205 3409 1447 3464 laetatus
1468 3415 1693 3464 euntem

384 3495 680 3563 Accepisse
701 3492 841 3561 lacu,
869 3509 971 3546 nec
996 3493 1210 3547 Thesea
1237 3493 1674 3564 Pirithoumque,

2322 645 2425 697 860

2320 1077 2422 1129 865

2318 1509 2422 1564 370

2315 1941 2419 1996 875

2314 2375 2417 2427 880

2312 2807 2415 2858 885

2310 3239 2416 3290 390
