<?xml version="1.0" encoding="UTF-8"?>
<!DOCTYPE html PUBLIC "-//W3C//DTD XHTML 1.0 Transitional//EN"
    "http://www.w3.org/TR/xhtml1/DTD/xhtml1-transitional.dtd">
<html xmlns="http://www.w3.org/1999/xhtml" xml:lang="en" lang="en">
 <head>
  <title>
</title>
<meta http-equiv="Content-Type" content="text/html;charset=utf-8" />
  <meta name='ocr-system' content='tesseract 3.04.00' />
  <meta name='ocr-capabilities' content='ocr_page ocr_carea ocr_par ocr_line ocrx_word'/>
</head>
<body>
  <div class='ocr_page' id='page_1' title='image "arevisedtextpoe01virggoog_0232.png"; bbox 0 0 2725 3892; ppageno 0'>
   <div class='ocr_carea' id='block_1_1' title="bbox 961 203 1748 256">
    <p class='ocr_par' dir='ltr' id='par_1_1' title="bbox 961 203 1748 256">
     <span class='ocr_line' id='line_1_1' title="bbox 961 203 1748 256; baseline 0 0"><span class='ocrx_word' id='word_1_1' title='bbox 961 203 1239 256; x_wconf 65' lang='lat' dir='ltr'>vanam</span> <span class='ocrx_word' id='word_1_2' title='bbox 1282 204 1614 256; x_wconf 64' lang='lat' dir='ltr'>summos</span> <span class='ocrx_word' id='word_1_3' title='bbox 1658 204 1748 256; x_wconf 79' lang='lat' dir='ltr'>VI.</span> 
     </span>
    </p>
   </div>
   <div class='ocr_carea' id='block_1_2' title="bbox 331 365 2373 3562">
    <p class='ocr_par' dir='ltr' id='par_1_2' title="bbox 331 365 2373 3562">
     <span class='ocr_line' id='line_1_2' title="bbox 405 365 1603 435; baseline -0.003 -12"><span class='ocrx_word' id='word_1_4' title='bbox 405 368 628 425; x_wconf 88' lang='lat' dir='ltr'>Talibus</span> <span class='ocrx_word' id='word_1_5' title='bbox 651 384 719 422; x_wconf 87' lang='lat' dir='ltr'>ex</span> <span class='ocrx_word' id='word_1_6' title='bbox 745 367 916 435; x_wconf 81' lang='lat' dir='ltr'>adyto</span> <span class='ocrx_word' id='word_1_7' title='bbox 939 366 1102 421; x_wconf 82' lang='lat' dir='ltr'>dictis</span> <span class='ocrx_word' id='word_1_8' title='bbox 1127 365 1366 420; x_wconf 85' lang='lat' dir='ltr'>Cumaea</span> <span class='ocrx_word' id='word_1_9' title='bbox 1388 365 1603 434; x_wconf 79' lang='lat' dir='ltr'>Sibylla</span> 
     </span>
     <span class='ocr_line' id='line_1_3' title="bbox 339 451 1693 522; baseline -0.005 -11"><span class='ocrx_word' id='word_1_10' title='bbox 339 455 654 511; x_wconf 71' lang='lat' dir='ltr'>Horrendus</span> <span class='ocrx_word' id='word_1_11' title='bbox 677 453 826 509; x_wconf 87' lang='lat' dir='ltr'>canit</span> <span class='ocrx_word' id='word_1_12' title='bbox 851 454 1110 522; x_wconf 83' lang='lat' dir='ltr'>ambages</span> <span class='ocrx_word' id='word_1_13' title='bbox 1133 458 1407 520; x_wconf 89' lang='lat' dir='ltr'>antroque</span> <span class='ocrx_word' id='word_1_14' title='bbox 1430 451 1693 520; x_wconf 79' lang='lat' dir='ltr'><strong>remugit,</strong></span> 
     </span>
     <span class='ocr_line' id='line_1_4' title="bbox 336 538 2373 598; baseline -0.002 -2"><span class='ocrx_word' id='word_1_15' title='bbox 336 543 598 598; x_wconf 74' lang='lat' dir='ltr'><strong>Obscuris</strong></span> <span class='ocrx_word' id='word_1_16' title='bbox 621 557 757 596; x_wconf 82' lang='lat' dir='ltr'>vera</span> <span class='ocrx_word' id='word_1_17' title='bbox 779 540 1098 594; x_wconf 85' lang='lat' dir='ltr'>involvens:</span> <span class='ocrx_word' id='word_1_18' title='bbox 1141 555 1208 592; x_wconf 87' lang='lat' dir='ltr'>ea</span> <span class='ocrx_word' id='word_1_19' title='bbox 1229 539 1394 592; x_wconf 66' lang='lat' dir='ltr'>irena</span> <span class='ocrx_word' id='word_1_20' title='bbox 1419 538 1633 592; x_wconf 78' lang='lat' dir='ltr'>furenti</span> <span class='ocrx_word' id='word_1_21' title='bbox 2272 541 2373 593; x_wconf 88' lang='grc'>100</span> 
     </span>
     <span class='ocr_line' id='line_1_5' title="bbox 335 623 1801 698; baseline -0.004 -14"><span class='ocrx_word' id='word_1_22' title='bbox 335 629 612 698; x_wconf 72' lang='lat' dir='ltr'>Constitit,</span> <span class='ocrx_word' id='word_1_23' title='bbox 641 633 700 682; x_wconf 89' lang='lat' dir='ltr'>et</span> <span class='ocrx_word' id='word_1_24' title='bbox 723 626 978 682; x_wconf 85' lang='lat' dir='ltr'>stimulos</span> <span class='ocrx_word' id='word_1_25' title='bbox 1001 627 1103 680; x_wconf 88' lang='lat' dir='ltr'>sub</span> <span class='ocrx_word' id='word_1_26' title='bbox 1127 631 1356 695; x_wconf 77' lang='lat' dir='ltr'><strong>pectore</strong></span> <span class='ocrx_word' id='word_1_27' title='bbox 1381 625 1553 678; x_wconf 77' lang='lat' dir='ltr'>vertit</span> <span class='ocrx_word' id='word_1_28' title='bbox 1578 623 1801 693; x_wconf 82' lang='lat' dir='ltr'><strong>Apollo.</strong></span> 
     </span>
     <span class='ocr_line' id='line_1_6' title="bbox 335 710 1767 785; baseline -0.004 -16"><span class='ocrx_word' id='word_1_29' title='bbox 335 715 414 770; x_wconf 86' lang='lat' dir='ltr'>Ut</span> <span class='ocrx_word' id='word_1_30' title='bbox 435 717 678 785; x_wconf 85' lang='lat' dir='ltr'>primum</span> <span class='ocrx_word' id='word_1_31' title='bbox 703 714 867 768; x_wconf 87' lang='lat' dir='ltr'>cessit</span> <span class='ocrx_word' id='word_1_32' title='bbox 891 713 1047 767; x_wconf 86' lang='lat' dir='ltr'>furor</span> <span class='ocrx_word' id='word_1_33' title='bbox 1071 719 1130 766; x_wconf 91' lang='lat' dir='ltr'>et</span> <span class='ocrx_word' id='word_1_34' title='bbox 1155 711 1347 767; x_wconf 86' lang='lat' dir='ltr'>rabida</span> <span class='ocrx_word' id='word_1_35' title='bbox 1372 727 1473 766; x_wconf 89' lang='lat' dir='ltr'>ora</span> <span class='ocrx_word' id='word_1_36' title='bbox 1496 710 1767 778; x_wconf 85' lang='lat' dir='ltr'>quierunt,</span> 
     </span>
     <span class='ocr_line' id='line_1_7' title="bbox 334 796 1661 873; baseline -0.008 -14"><span class='ocrx_word' id='word_1_37' title='bbox 334 804 540 873; x_wconf 77' lang='lat' dir='ltr'><strong>Incipit</strong></span> <span class='ocrx_word' id='word_1_38' title='bbox 562 805 782 856; x_wconf 80' lang='lat' dir='ltr'>Aeneas</span> <span class='ocrx_word' id='word_1_39' title='bbox 800 800 996 854; x_wconf 81' lang='lat' dir='ltr'>heros:</span> <span class='ocrx_word' id='word_1_40' title='bbox 1043 801 1078 828; x_wconf 81' lang='lat'>‘⁴</span> <span class='ocrx_word' id='word_1_41' title='bbox 1095 798 1226 852; x_wconf 81' lang='lat' dir='ltr'>Non</span> <span class='ocrx_word' id='word_1_42' title='bbox 1253 797 1366 851; x_wconf 89' lang='lat' dir='ltr'>ulla</span> <span class='ocrx_word' id='word_1_43' title='bbox 1392 796 1661 865; x_wconf 86' lang='lat' dir='ltr'>laborum,</span> 
     </span>
     <span class='ocr_line' id='line_1_8' title="bbox 333 884 1610 960; baseline -0.008 -14"><span class='ocrx_word' id='word_1_44' title='bbox 333 892 383 946; x_wconf 93' lang='lat' dir='ltr'>O</span> <span class='ocrx_word' id='word_1_45' title='bbox 409 892 582 960; x_wconf 78' lang='lat' dir='ltr'>virgo,</span> <span class='ocrx_word' id='word_1_46' title='bbox 609 905 756 943; x_wconf 83' lang='lat' dir='ltr'>nova</span> <span class='ocrx_word' id='word_1_47' title='bbox 777 888 854 941; x_wconf 88' lang='lat' dir='ltr'>mi</span> <span class='ocrx_word' id='word_1_48' title='bbox 878 887 1052 941; x_wconf 71' lang='lat' dir='ltr'>facies</span> <span class='ocrx_word' id='word_1_49' title='bbox 1077 885 1375 953; x_wconf 77' lang='lat' dir='ltr'>inopinave</span> <span class='ocrx_word' id='word_1_50' title='bbox 1398 884 1610 952; x_wconf 78' lang='lat' dir='ltr'>surgit3</span> 
     </span>
     <span class='ocr_line' id='line_1_9' title="bbox 334 971 2371 1046; baseline -0.003 -16"><span class='ocrx_word' id='word_1_51' title='bbox 334 977 538 1031; x_wconf 87' lang='lat' dir='ltr'>Omnia</span> <span class='ocrx_word' id='word_1_52' title='bbox 556 974 816 1046; x_wconf 87' lang='lat' dir='ltr'>praecepi</span> <span class='ocrx_word' id='word_1_53' title='bbox 841 979 1006 1042; x_wconf 87' lang='lat' dir='ltr'>atque</span> <span class='ocrx_word' id='word_1_54' title='bbox 1029 971 1216 1026; x_wconf 84' lang='lat' dir='ltr'>animo</span> <span class='ocrx_word' id='word_1_55' title='bbox 1241 986 1458 1024; x_wconf 88' lang='lat' dir='ltr'>mecum</span> <span class='ocrx_word' id='word_1_56' title='bbox 1484 975 1615 1024; x_wconf 83' lang='lat' dir='ltr'>ante</span> <span class='ocrx_word' id='word_1_57' title='bbox 1640 971 1840 1038; x_wconf 79' lang='lat' dir='ltr'>peregi.</span> <span class='ocrx_word' id='word_1_58' title='bbox 2271 973 2371 1025; x_wconf 87' lang='lat'>105</span> 
     </span>
     <span class='ocr_line' id='line_1_10' title="bbox 335 1057 1644 1130; baseline -0.008 -12"><span class='ocrx_word' id='word_1_59' title='bbox 335 1063 518 1118; x_wconf 87' lang='lat' dir='ltr'>Unum</span> <span class='ocrx_word' id='word_1_60' title='bbox 541 1078 672 1116; x_wconf 87' lang='lat' dir='ltr'>oro:</span> <span class='ocrx_word' id='word_1_61' title='bbox 715 1060 938 1130; x_wconf 85' lang='lat' dir='ltr'>quando</span> <span class='ocrx_word' id='word_1_62' title='bbox 960 1059 1053 1114; x_wconf 88' lang='lat' dir='ltr'>hio</span> <span class='ocrx_word' id='word_1_63' title='bbox 1077 1057 1280 1112; x_wconf 85' lang='lat' dir='ltr'>inferni</span> <span class='ocrx_word' id='word_1_64' title='bbox 1306 1057 1476 1111; x_wconf 87' lang='lat' dir='ltr'>ianua</span> <span class='ocrx_word' id='word_1_65' title='bbox 1494 1057 1644 1124; x_wconf 81' lang='lat' dir='ltr'>regis</span> 
     </span>
     <span class='ocr_line' id='line_1_11' title="bbox 333 1143 1707 1216; baseline -0.007 -11"><span class='ocrx_word' id='word_1_66' title='bbox 333 1150 550 1204; x_wconf 78' lang='lat' dir='ltr'>Dicitur</span> <span class='ocrx_word' id='word_1_67' title='bbox 574 1155 632 1204; x_wconf 88' lang='lat' dir='ltr'>et</span> <span class='ocrx_word' id='word_1_68' title='bbox 654 1149 952 1204; x_wconf 84' lang='lat' dir='ltr'>tenebrosa</span> <span class='ocrx_word' id='word_1_69' title='bbox 973 1146 1130 1216; x_wconf 88' lang='lat' dir='ltr'>palus</span> <span class='ocrx_word' id='word_1_70' title='bbox 1157 1144 1481 1198; x_wconf 77' lang='lat' dir='ltr'>Acheronte</span> <span class='ocrx_word' id='word_1_71' title='bbox 1504 1143 1707 1210; x_wconf 80' lang='lat' dir='ltr'>refuso,</span> 
     </span>
     <span class='ocr_line' id='line_1_12' title="bbox 331 1231 1531 1306; baseline -0.005 -16"><span class='ocrx_word' id='word_1_72' title='bbox 331 1236 422 1290; x_wconf 89' lang='lat' dir='ltr'>Ire</span> <span class='ocrx_word' id='word_1_73' title='bbox 445 1237 517 1292; x_wconf 88' lang='lat' dir='ltr'>ad</span> <span class='ocrx_word' id='word_1_74' title='bbox 539 1242 896 1306; x_wconf 85' lang='lat' dir='ltr'>conspectum</span> <span class='ocrx_word' id='word_1_75' title='bbox 921 1234 1034 1288; x_wconf 88' lang='lat' dir='ltr'>cari</span> <span class='ocrx_word' id='word_1_76' title='bbox 1059 1231 1326 1302; x_wconf 80' lang='lat' dir='ltr'>genitoris</span> <span class='ocrx_word' id='word_1_77' title='bbox 1349 1235 1407 1283; x_wconf 85' lang='lat' dir='ltr'>et</span> <span class='ocrx_word' id='word_1_78' title='bbox 1430 1245 1531 1284; x_wconf 87' lang='lat' dir='ltr'>ora</span> 
     </span>
     <span class='ocr_line' id='line_1_13' title="bbox 333 1316 1714 1392; baseline -0.006 -14"><span class='ocrx_word' id='word_1_79' title='bbox 333 1323 658 1392; x_wconf 78' lang='lat' dir='ltr'>Contingat3</span> <span class='ocrx_word' id='word_1_80' title='bbox 697 1323 898 1377; x_wconf 88' lang='lat' dir='ltr'>doceas</span> <span class='ocrx_word' id='word_1_81' title='bbox 921 1322 1028 1374; x_wconf 88' lang='lat' dir='ltr'>iter</span> <span class='ocrx_word' id='word_1_82' title='bbox 1051 1329 1112 1374; x_wconf 89' lang='lat' dir='ltr'>et</span> <span class='ocrx_word' id='word_1_83' title='bbox 1133 1335 1292 1374; x_wconf 86' lang='lat' dir='ltr'>sacra</span> <span class='ocrx_word' id='word_1_84' title='bbox 1315 1316 1466 1372; x_wconf 85' lang='lat' dir='ltr'>ostia</span> <span class='ocrx_word' id='word_1_85' title='bbox 1489 1317 1714 1385; x_wconf 80' lang='lat' dir='ltr'>pandas.</span> 
     </span>
     <span class='ocr_line' id='line_1_14' title="bbox 332 1403 2372 1480; baseline -0.003 -16"><span class='ocrx_word' id='word_1_86' title='bbox 332 1410 496 1464; x_wconf 89' lang='lat' dir='ltr'>Illum</span> <span class='ocrx_word' id='word_1_87' title='bbox 521 1426 624 1479; x_wconf 76' lang='lat' dir='ltr'>ego</span> <span class='ocrx_word' id='word_1_88' title='bbox 648 1426 748 1480; x_wconf 88' lang='lat' dir='ltr'>per</span> <span class='ocrx_word' id='word_1_89' title='bbox 769 1409 1021 1464; x_wconf 76' lang='lat' dir='ltr'>flammas</span> <span class='ocrx_word' id='word_1_90' title='bbox 1043 1412 1102 1461; x_wconf 88' lang='lat' dir='ltr'>et</span> <span class='ocrx_word' id='word_1_91' title='bbox 1123 1407 1275 1460; x_wconf 90' lang='lat' dir='ltr'>mille</span> <span class='ocrx_word' id='word_1_92' title='bbox 1301 1403 1589 1474; x_wconf 84' lang='lat' dir='ltr'>sequentia</span> <span class='ocrx_word' id='word_1_93' title='bbox 1608 1403 1723 1457; x_wconf 88' lang='lat' dir='ltr'>tela</span> <span class='ocrx_word' id='word_1_94' title='bbox 2270 1406 2372 1458; x_wconf 93' lang='grc'>110</span> 
     </span>
     <span class='ocr_line' id='line_1_15' title="bbox 331 1491 1727 1568; baseline -0.006 -16"><span class='ocrx_word' id='word_1_95' title='bbox 331 1498 522 1568; x_wconf 87' lang='lat' dir='ltr'>Eripui</span> <span class='ocrx_word' id='word_1_96' title='bbox 548 1497 636 1552; x_wconf 86' lang='lat' dir='ltr'>his</span> <span class='ocrx_word' id='word_1_97' title='bbox 659 1497 880 1564; x_wconf 86' lang='lat' dir='ltr'>umeris,</span> <span class='ocrx_word' id='word_1_98' title='bbox 907 1495 1200 1563; x_wconf 87' lang='lat' dir='ltr'>medioque</span> <span class='ocrx_word' id='word_1_99' title='bbox 1223 1509 1293 1547; x_wconf 81' lang='lat' dir='ltr'>ex</span> <span class='ocrx_word' id='word_1_100' title='bbox 1317 1492 1479 1546; x_wconf 85' lang='lat' dir='ltr'>hoste</span> <span class='ocrx_word' id='word_1_101' title='bbox 1506 1491 1689 1558; x_wconf 87' lang='lat' dir='ltr'>recepi</span> <span class='ocrx_word' id='word_1_102' title='bbox 1712 1509 1727 1557; x_wconf 76' lang='grc' dir='ltr'>ς</span> 
     </span>
     <span class='ocr_line' id='line_1_16' title="bbox 333 1579 1739 1640; baseline -0.006 -2"><span class='ocrx_word' id='word_1_103' title='bbox 333 1585 434 1640; x_wconf 88' lang='lat' dir='ltr'>Ille</span> <span class='ocrx_word' id='word_1_104' title='bbox 458 1601 638 1640; x_wconf 89' lang='lat' dir='ltr'>meum</span> <span class='ocrx_word' id='word_1_105' title='bbox 665 1585 959 1638; x_wconf 78' lang='lat' dir='ltr'>comitatus</span> <span class='ocrx_word' id='word_1_106' title='bbox 982 1582 1090 1636; x_wconf 89' lang='lat' dir='ltr'>iter</span> <span class='ocrx_word' id='word_1_107' title='bbox 1111 1581 1286 1635; x_wconf 83' lang='lat' dir='ltr'>maria</span> <span class='ocrx_word' id='word_1_108' title='bbox 1308 1579 1497 1634; x_wconf 84' lang='lat' dir='ltr'>omnia</span> <span class='ocrx_word' id='word_1_109' title='bbox 1518 1593 1739 1632; x_wconf 87' lang='lat' dir='ltr'>mecum</span> 
     </span>
     <span class='ocr_line' id='line_1_17' title="bbox 333 1664 1766 1740; baseline -0.006 -14"><span class='ocrx_word' id='word_1_110' title='bbox 333 1675 518 1740; x_wconf 87' lang='lat' dir='ltr'>Atque</span> <span class='ocrx_word' id='word_1_111' title='bbox 545 1671 722 1725; x_wconf 89' lang='lat' dir='ltr'>omnis</span> <span class='ocrx_word' id='word_1_112' title='bbox 744 1669 1034 1738; x_wconf 75' lang='lat' dir='ltr'>pelagique</span> <span class='ocrx_word' id='word_1_113' title='bbox 1057 1669 1236 1722; x_wconf 84' lang='lat' dir='ltr'>minas</span> <span class='ocrx_word' id='word_1_114' title='bbox 1263 1667 1509 1735; x_wconf 85' lang='lat' dir='ltr'>caelique</span> <span class='ocrx_word' id='word_1_115' title='bbox 1535 1664 1766 1732; x_wconf 84' lang='lat' dir='ltr'>ferebat,</span> 
     </span>
     <span class='ocr_line' id='line_1_18' title="bbox 333 1756 1597 1825; baseline -0.006 -13"><span class='ocrx_word' id='word_1_116' title='bbox 333 1758 628 1825; x_wconf 83' lang='lat' dir='ltr'>Invalidus,</span> <span class='ocrx_word' id='word_1_117' title='bbox 656 1757 790 1810; x_wconf 82' lang='lat' dir='ltr'>viris</span> <span class='ocrx_word' id='word_1_118' title='bbox 815 1756 964 1810; x_wconf 87' lang='lat' dir='ltr'>ultra</span> <span class='ocrx_word' id='word_1_119' title='bbox 987 1760 1300 1824; x_wconf 78' lang='lat' dir='ltr'>sortemque</span> <span class='ocrx_word' id='word_1_120' title='bbox 1325 1762 1597 1808; x_wconf 80' lang='lat' dir='ltr'>senectae.</span> 
     </span>
     <span class='ocr_line' id='line_1_19' title="bbox 335 1839 2368 1914; baseline -0.001 -16"><span class='ocrx_word' id='word_1_121' title='bbox 335 1844 498 1912; x_wconf 84' lang='lat' dir='ltr'>Quin,</span> <span class='ocrx_word' id='word_1_122' title='bbox 523 1849 586 1898; x_wconf 89' lang='lat' dir='ltr'>ut</span> <span class='ocrx_word' id='word_1_123' title='bbox 609 1849 666 1898; x_wconf 89' lang='lat' dir='ltr'>te</span> <span class='ocrx_word' id='word_1_124' title='bbox 691 1843 925 1914; x_wconf 78' lang='lat' dir='ltr'>supplex</span> <span class='ocrx_word' id='word_1_125' title='bbox 951 1849 1194 1912; x_wconf 84' lang='lat' dir='ltr'>peterem</span> <span class='ocrx_word' id='word_1_126' title='bbox 1221 1847 1278 1895; x_wconf 90' lang='lat' dir='ltr'>et</span> <span class='ocrx_word' id='word_1_127' title='bbox 1305 1846 1403 1895; x_wconf 86' lang='lat' dir='ltr'>tua</span> <span class='ocrx_word' id='word_1_128' title='bbox 1424 1839 1619 1896; x_wconf 84' lang='lat' dir='ltr'>limina</span> <span class='ocrx_word' id='word_1_129' title='bbox 1642 1841 1867 1910; x_wconf 86' lang='lat' dir='ltr'>adirem,</span> <span class='ocrx_word' id='word_1_130' title='bbox 2266 1845 2368 1896; x_wconf 77' lang='lat'>116</span> 
     </span>
     <span class='ocr_line' id='line_1_20' title="bbox 334 1927 1814 2004; baseline -0.001 -18"><span class='ocrx_word' id='word_1_131' title='bbox 334 1931 488 1986; x_wconf 89' lang='lat' dir='ltr'>Idem</span> <span class='ocrx_word' id='word_1_132' title='bbox 513 1947 679 1986; x_wconf 87' lang='lat' dir='ltr'>orans</span> <span class='ocrx_word' id='word_1_133' title='bbox 703 1931 960 1986; x_wconf 77' lang='lat' dir='ltr'>mandata</span> <span class='ocrx_word' id='word_1_134' title='bbox 983 1929 1167 1984; x_wconf 88' lang='lat' dir='ltr'>dabat.</span> <span class='ocrx_word' id='word_1_135' title='bbox 1247 1927 1493 1998; x_wconf 82' lang='lat' dir='ltr'>Natique</span> <span class='ocrx_word' id='word_1_136' title='bbox 1516 1930 1814 2004; x_wconf 85' lang='lat' dir='ltr'>patrisque,</span> 
     </span>
     <span class='ocr_line' id='line_1_21' title="bbox 335 2017 2003 2087; baseline 0.002 -17"><span class='ocrx_word' id='word_1_137' title='bbox 335 2018 514 2086; x_wconf 86' lang='lat' dir='ltr'>Alma,</span> <span class='ocrx_word' id='word_1_138' title='bbox 541 2033 752 2087; x_wconf 73' lang='lat' dir='ltr'>precor,</span> <span class='ocrx_word' id='word_1_139' title='bbox 777 2019 1290 2084; x_wconf 87' lang='lat' dir='ltr'>miserere‚—-1›otes</span> <span class='ocrx_word' id='word_1_140' title='bbox 1319 2029 1557 2084; x_wconf 86' lang='lat' dir='ltr'>namque</span> <span class='ocrx_word' id='word_1_141' title='bbox 1580 2017 1783 2084; x_wconf 84' lang='lat' dir='ltr'>omnia,</span> <span class='ocrx_word' id='word_1_142' title='bbox 1810 2033 1915 2073; x_wconf 87' lang='lat' dir='ltr'>nec</span> <span class='ocrx_word' id='word_1_143' title='bbox 1944 2024 2003 2074; x_wconf 91' lang='lat' dir='ltr'>te</span> 
     </span>
     <span class='ocr_line' id='line_1_22' title="bbox 332 2102 1727 2175; baseline -0.001 -17"><span class='ocrx_word' id='word_1_144' title='bbox 332 2105 680 2175; x_wconf 76' lang='lat' dir='ltr'>Nequiquam</span> <span class='ocrx_word' id='word_1_145' title='bbox 703 2104 844 2159; x_wconf 87' lang='lat' dir='ltr'>lucis</span> <span class='ocrx_word' id='word_1_146' title='bbox 867 2105 1078 2158; x_wconf 87' lang='lat' dir='ltr'>Hecate</span> <span class='ocrx_word' id='word_1_147' title='bbox 1101 2103 1371 2172; x_wconf 83' lang='lat' dir='ltr'>praefecit</span> <span class='ocrx_word' id='word_1_148' title='bbox 1392 2102 1727 2174; x_wconf 82' lang='lat' dir='ltr'>Avernis‚—</span> 
     </span>
     <span class='ocr_line' id='line_1_23' title="bbox 333 2189 1673 2261; baseline 0 -15"><span class='ocrx_word' id='word_1_149' title='bbox 333 2192 392 2246; x_wconf 82' lang='lat' dir='ltr'>si</span> <span class='ocrx_word' id='word_1_150' title='bbox 416 2193 598 2261; x_wconf 86' lang='lat' dir='ltr'>potuit</span> <span class='ocrx_word' id='word_1_151' title='bbox 621 2191 803 2246; x_wconf 82' lang='lat' dir='ltr'>Manis</span> <span class='ocrx_word' id='word_1_152' title='bbox 828 2206 1100 2245; x_wconf 76' lang='lat' dir='ltr'>arcessere</span> <span class='ocrx_word' id='word_1_153' title='bbox 1125 2190 1377 2259; x_wconf 81' lang='lat' dir='ltr'>coniugis</span> <span class='ocrx_word' id='word_1_154' title='bbox 1400 2189 1673 2260; x_wconf 78' lang='lat' dir='ltr'>Orpheus,</span> 
     </span>
     <span class='ocr_line' id='line_1_24' title="bbox 333 2277 2367 2348; baseline 0.001 -16"><span class='ocrx_word' id='word_1_155' title='bbox 333 2277 586 2332; x_wconf 86' lang='lat' dir='ltr'>Threicia</span> <span class='ocrx_word' id='word_1_156' title='bbox 607 2279 787 2331; x_wconf 73' lang='lat' dir='ltr'>fretus</span> <span class='ocrx_word' id='word_1_157' title='bbox 813 2277 1028 2332; x_wconf 87' lang='lat' dir='ltr'>cithara</span> <span class='ocrx_word' id='word_1_158' title='bbox 1048 2277 1360 2346; x_wconf 85' lang='lat' dir='ltr'>fidibusque</span> <span class='ocrx_word' id='word_1_159' title='bbox 1386 2281 1620 2348; x_wconf 81' lang='lat' dir='ltr'>canoris,</span> <span class='ocrx_word' id='word_1_160' title='bbox 2264 2283 2367 2334; x_wconf 81' lang='lat'>120</span> 
     </span>
     <span class='ocr_line' id='line_1_25' title="bbox 333 2363 1589 2428; baseline 0.001 -9"><span class='ocrx_word' id='word_1_161' title='bbox 333 2365 394 2419; x_wconf 84' lang='lat' dir='ltr'>Si</span> <span class='ocrx_word' id='word_1_162' title='bbox 417 2367 647 2420; x_wconf 72' lang='lat' dir='ltr'>fratrem</span> <span class='ocrx_word' id='word_1_163' title='bbox 673 2363 873 2418; x_wconf 85' lang='lat' dir='ltr'>Pollux</span> <span class='ocrx_word' id='word_1_164' title='bbox 899 2363 1112 2417; x_wconf 83' lang='lat' dir='ltr'>alterna</span> <span class='ocrx_word' id='word_1_165' title='bbox 1132 2370 1315 2419; x_wconf 86' lang='lat' dir='ltr'>morte</span> <span class='ocrx_word' id='word_1_166' title='bbox 1339 2365 1589 2428; x_wconf 74' lang='lat' dir='ltr'>redemit,</span> 
     </span>
     <span class='ocr_line' id='line_1_26' title="bbox 333 2450 1953 2522; baseline 0 -15"><span class='ocrx_word' id='word_1_167' title='bbox 333 2452 496 2522; x_wconf 87' lang='lat' dir='ltr'>Itque</span> <span class='ocrx_word' id='word_1_168' title='bbox 517 2452 769 2520; x_wconf 86' lang='lat' dir='ltr'>reditque</span> <span class='ocrx_word' id='word_1_169' title='bbox 793 2451 942 2504; x_wconf 82' lang='lat' dir='ltr'>viam</span> <span class='ocrx_word' id='word_1_170' title='bbox 963 2450 1188 2504; x_wconf 87' lang='lat' dir='ltr'>totiens.</span> <span class='ocrx_word' id='word_1_171' title='bbox 1265 2450 1409 2516; x_wconf 84' lang='lat' dir='ltr'>Quid</span> <span class='ocrx_word' id='word_1_172' title='bbox 1439 2453 1666 2522; x_wconf 70' lang='lat' dir='ltr'>Thesea,</span> <span class='ocrx_word' id='word_1_173' title='bbox 1692 2469 1953 2522; x_wconf 77' lang='lat' dir='ltr'>magnum</span> 
     </span>
     <span class='ocr_line' id='line_1_27' title="bbox 335 2536 2129 2607; baseline -0.001 -12"><span class='ocrx_word' id='word_1_174' title='bbox 335 2540 482 2606; x_wconf 83' lang='lat' dir='ltr'>Quid</span> <span class='ocrx_word' id='word_1_175' title='bbox 505 2555 804 2594; x_wconf 89' lang='lat' dir='ltr'>memorem</span> <span class='ocrx_word' id='word_1_176' title='bbox 833 2536 1110 2591; x_wconf 72' lang='lat' dir='ltr'>Alciden?</span> <span class='ocrx_word' id='word_1_177' title='bbox 1157 2542 1214 2590; x_wconf 88' lang='lat' dir='ltr'>et</span> <span class='ocrx_word' id='word_1_178' title='bbox 1237 2537 1314 2591; x_wconf 89' lang='lat' dir='ltr'>mi</span> <span class='ocrx_word' id='word_1_179' title='bbox 1343 2556 1519 2607; x_wconf 82' lang='lat' dir='ltr'>genus</span> <span class='ocrx_word' id='word_1_180' title='bbox 1542 2541 1611 2594; x_wconf 86' lang='lat' dir='ltr'>ab</span> <span class='ocrx_word' id='word_1_181' title='bbox 1636 2539 1771 2594; x_wconf 86' lang='lat' dir='ltr'>Iove</span> <span class='ocrx_word' id='word_1_182' title='bbox 1794 2538 2067 2594; x_wconf 81' lang='lat' dir='ltr'>summo.&#39;’</span> <span class='ocrx_word' id='word_1_183' title='bbox 2110 2539 2129 2553; x_wconf 71' lang='grc'><strong>“</strong></span> 
     </span>
     <span class='ocr_line' id='line_1_28' title="bbox 402 2623 1574 2693; baseline -0.001 -12"><span class='ocrx_word' id='word_1_184' title='bbox 402 2626 622 2681; x_wconf 77' lang='lat' dir='ltr'>Talibus</span> <span class='ocrx_word' id='word_1_185' title='bbox 646 2625 844 2681; x_wconf 87' lang='lat' dir='ltr'>orabat</span> <span class='ocrx_word' id='word_1_186' title='bbox 866 2623 1044 2692; x_wconf 87' lang='lat' dir='ltr'>dictis,</span> <span class='ocrx_word' id='word_1_187' title='bbox 1073 2639 1302 2692; x_wconf 87' lang='lat' dir='ltr'>arasque</span> <span class='ocrx_word' id='word_1_188' title='bbox 1327 2627 1574 2693; x_wconf 87' lang='lat' dir='ltr'>tenebat,</span> 
     </span>
     <span class='ocr_line' id='line_1_29' title="bbox 333 2710 2367 2782; baseline -0 -14"><span class='ocrx_word' id='word_1_189' title='bbox 333 2713 472 2768; x_wconf 86' lang='lat' dir='ltr'>Oum</span> <span class='ocrx_word' id='word_1_190' title='bbox 497 2713 575 2768; x_wconf 89' lang='lat' dir='ltr'>sic</span> <span class='ocrx_word' id='word_1_191' title='bbox 599 2729 726 2768; x_wconf 85' lang='lat' dir='ltr'>orsa</span> <span class='ocrx_word' id='word_1_192' title='bbox 749 2710 902 2778; x_wconf 89' lang='lat' dir='ltr'>loqui</span> <span class='ocrx_word' id='word_1_193' title='bbox 927 2717 1116 2765; x_wconf 84' lang='lat' dir='ltr'>vates:</span> <span class='ocrx_word' id='word_1_194' title='bbox 1171 2713 1203 2740; x_wconf 88' lang='lat'>“</span> <span class='ocrx_word' id='word_1_195' title='bbox 1221 2711 1350 2766; x_wconf 86' lang='lat' dir='ltr'>Sate</span> <span class='ocrx_word' id='word_1_196' title='bbox 1377 2713 1644 2782; x_wconf 84' lang='lat' dir='ltr'>sanguine</span> <span class='ocrx_word' id='word_1_197' title='bbox 1667 2712 1873 2781; x_wconf 82' lang='lat' dir='ltr'>divom,</span> <span class='ocrx_word' id='word_1_198' title='bbox 2266 2715 2367 2768; x_wconf 79' lang='lat'>126</span> 
     </span>
     <span class='ocr_line' id='line_1_30' title="bbox 331 2798 1659 2868; baseline -0.001 -14"><span class='ocrx_word' id='word_1_199' title='bbox 331 2799 468 2854; x_wconf 84' lang='lat' dir='ltr'>Tros</span> <span class='ocrx_word' id='word_1_200' title='bbox 491 2798 844 2868; x_wconf 79' lang='lat' dir='ltr'>Anchisiade,</span> <span class='ocrx_word' id='word_1_201' title='bbox 873 2798 1054 2853; x_wconf 72' lang='lat' dir='ltr'>facilis</span> <span class='ocrx_word' id='word_1_202' title='bbox 1079 2798 1373 2853; x_wconf 73' lang='lat' dir='ltr'>descensus</span> <span class='ocrx_word' id='word_1_203' title='bbox 1398 2801 1659 2868; x_wconf 81' lang='lat' dir='ltr'>Avern03</span> 
     </span>
     <span class='ocr_line' id='line_1_31' title="bbox 332 2885 1583 2956; baseline 0 -16"><span class='ocrx_word' id='word_1_204' title='bbox 332 2885 542 2942; x_wconf 84' lang='lat' dir='ltr'>Noctes</span> <span class='ocrx_word' id='word_1_205' title='bbox 565 2892 730 2956; x_wconf 83' lang='lat' dir='ltr'>utque</span> <span class='ocrx_word' id='word_1_206' title='bbox 753 2886 871 2940; x_wconf 83' lang='lat' dir='ltr'>dies</span> <span class='ocrx_word' id='word_1_207' title='bbox 895 2890 1050 2955; x_wconf 87' lang='lat' dir='ltr'>patet</span> <span class='ocrx_word' id='word_1_208' title='bbox 1075 2885 1181 2940; x_wconf 81' lang='lat' dir='ltr'>atri</span> <span class='ocrx_word' id='word_1_209' title='bbox 1207 2886 1375 2939; x_wconf 85' lang='lat' dir='ltr'>ianua</span> <span class='ocrx_word' id='word_1_210' title='bbox 1404 2885 1583 2953; x_wconf 86' lang='lat' dir='ltr'>Ditis;</span> 
     </span>
     <span class='ocr_line' id='line_1_32' title="bbox 333 2972 1903 3042; baseline 0 -14"><span class='ocrx_word' id='word_1_211' title='bbox 333 2975 440 3028; x_wconf 85' lang='lat' dir='ltr'>Sed</span> <span class='ocrx_word' id='word_1_212' title='bbox 463 2991 724 3028; x_wconf 85' lang='lat' dir='ltr'>revocare</span> <span class='ocrx_word' id='word_1_213' title='bbox 749 2972 978 3042; x_wconf 84' lang='lat' dir='ltr'>gradum</span> <span class='ocrx_word' id='word_1_214' title='bbox 1005 2989 1342 3042; x_wconf 83' lang='lat' dir='ltr'>superasque</span> <span class='ocrx_word' id='word_1_215' title='bbox 1365 2975 1603 3028; x_wconf 86' lang='lat' dir='ltr'>evadere</span> <span class='ocrx_word' id='word_1_216' title='bbox 1630 2974 1702 3029; x_wconf 85' lang='lat' dir='ltr'>ad</span> <span class='ocrx_word' id='word_1_217' title='bbox 1726 2989 1903 3042; x_wconf 85' lang='lat' dir='ltr'>auras,</span> 
     </span>
     <span class='ocr_line' id='line_1_33' title="bbox 333 3059 1945 3131; baseline -0.001 -17"><span class='ocrx_word' id='word_1_218' title='bbox 333 3062 455 3116; x_wconf 90' lang='lat' dir='ltr'>Hoc</span> <span class='ocrx_word' id='word_1_219' title='bbox 480 3079 631 3130; x_wconf 88' lang='lat' dir='ltr'>opus,</span> <span class='ocrx_word' id='word_1_220' title='bbox 661 3061 752 3115; x_wconf 90' lang='lat' dir='ltr'>hic</span> <span class='ocrx_word' id='word_1_221' title='bbox 775 3061 933 3115; x_wconf 84' lang='lat' dir='ltr'>labor</span> <span class='ocrx_word' id='word_1_222' title='bbox 957 3066 1056 3114; x_wconf 88' lang='lat' dir='ltr'>est.</span> <span class='ocrx_word' id='word_1_223' title='bbox 1133 3059 1318 3127; x_wconf 84' lang='lat' dir='ltr'>Pauci,</span> <span class='ocrx_word' id='word_1_224' title='bbox 1340 3077 1479 3129; x_wconf 87' lang='lat' dir='ltr'>quos</span> <span class='ocrx_word' id='word_1_225' title='bbox 1504 3078 1711 3131; x_wconf 90' lang='lat' dir='ltr'>aequus</span> <span class='ocrx_word' id='word_1_226' title='bbox 1736 3059 1945 3114; x_wconf 83' lang='lat' dir='ltr'>amavit</span> 
     </span>
     <span class='ocr_line' id='line_1_34' title="bbox 335 3145 2370 3217; baseline -0.003 -13"><span class='ocrx_word' id='word_1_227' title='bbox 335 3149 594 3217; x_wconf 86' lang='lat' dir='ltr'>Iuppiter,</span> <span class='ocrx_word' id='word_1_228' title='bbox 622 3152 718 3202; x_wconf 88' lang='lat' dir='ltr'>aut</span> <span class='ocrx_word' id='word_1_229' title='bbox 745 3147 944 3200; x_wconf 88' lang='lat' dir='ltr'>ardens</span> <span class='ocrx_word' id='word_1_230' title='bbox 971 3147 1154 3200; x_wconf 86' lang='lat' dir='ltr'>evexit</span> <span class='ocrx_word' id='word_1_231' title='bbox 1179 3145 1248 3200; x_wconf 87' lang='lat' dir='ltr'>ad</span> <span class='ocrx_word' id='word_1_232' title='bbox 1273 3147 1501 3201; x_wconf 83' lang='lat' dir='ltr'>aethera</span> <span class='ocrx_word' id='word_1_233' title='bbox 1524 3148 1715 3216; x_wconf 82' lang='lat' dir='ltr'>virtus,</span> <span class='ocrx_word' id='word_1_234' title='bbox 2266 3147 2370 3199; x_wconf 80' lang='lat'>180</span> 
     </span>
     <span class='ocr_line' id='line_1_35' title="bbox 334 3231 1822 3304; baseline -0.001 -15"><span class='ocrx_word' id='word_1_235' title='bbox 334 3235 434 3290; x_wconf 89' lang='lat' dir='ltr'>Dis</span> <span class='ocrx_word' id='word_1_236' title='bbox 458 3235 630 3304; x_wconf 81' lang='lat' dir='ltr'>geniti</span> <span class='ocrx_word' id='word_1_237' title='bbox 655 3239 904 3303; x_wconf 85' lang='lat' dir='ltr'>potuere.</span> <span class='ocrx_word' id='word_1_238' title='bbox 981 3231 1191 3286; x_wconf 89' lang='lat' dir='ltr'>Tenent</span> <span class='ocrx_word' id='word_1_239' title='bbox 1215 3233 1399 3288; x_wconf 83' lang='lat' dir='ltr'>media</span> <span class='ocrx_word' id='word_1_240' title='bbox 1425 3234 1613 3289; x_wconf 86' lang='lat' dir='ltr'>omnia</span> <span class='ocrx_word' id='word_1_241' title='bbox 1636 3234 1822 3301; x_wconf 82' lang='lat' dir='ltr'>silvae,</span> 
     </span>
     <span class='ocr_line' id='line_1_36' title="bbox 335 3317 1591 3388; baseline 0 -14"><span class='ocrx_word' id='word_1_242' title='bbox 335 3321 680 3388; x_wconf 82' lang='lat' dir='ltr'>Cocytusque</span> <span class='ocrx_word' id='word_1_243' title='bbox 703 3319 827 3372; x_wconf 75' lang='lat' dir='ltr'>sinu</span> <span class='ocrx_word' id='word_1_244' title='bbox 851 3317 1044 3372; x_wconf 87' lang='lat' dir='ltr'>labens</span> <span class='ocrx_word' id='word_1_245' title='bbox 1067 3318 1433 3373; x_wconf 82' lang='lat' dir='ltr'>circumvenit</span> <span class='ocrx_word' id='word_1_246' title='bbox 1454 3325 1591 3374; x_wconf 78' lang='lat' dir='ltr'>atro,</span> 
     </span>
     <span class='ocr_line' id='line_1_37' title="bbox 333 3406 1780 3476; baseline -0.001 -15"><span class='ocrx_word' id='word_1_247' title='bbox 333 3406 494 3472; x_wconf 82' lang='lat' dir='ltr'>Quod</span> <span class='ocrx_word' id='word_1_248' title='bbox 519 3408 566 3461; x_wconf 90' lang='lat' dir='ltr'>si</span> <span class='ocrx_word' id='word_1_249' title='bbox 591 3409 779 3460; x_wconf 84' lang='lat' dir='ltr'>tantus</span> <span class='ocrx_word' id='word_1_250' title='bbox 803 3421 957 3460; x_wconf 87' lang='lat' dir='ltr'>amor</span> <span class='ocrx_word' id='word_1_251' title='bbox 980 3407 1170 3471; x_wconf 85' lang='lat' dir='ltr'>menti,</span> <span class='ocrx_word' id='word_1_252' title='bbox 1199 3406 1247 3459; x_wconf 87' lang='lat' dir='ltr'>si</span> <span class='ocrx_word' id='word_1_253' title='bbox 1269 3411 1430 3460; x_wconf 87' lang='lat' dir='ltr'>tanta</span> <span class='ocrx_word' id='word_1_254' title='bbox 1453 3406 1655 3476; x_wconf 85' lang='lat' dir='ltr'>cupido</span> <span class='ocrx_word' id='word_1_255' title='bbox 1678 3410 1780 3473; x_wconf 86' lang='lat' dir='ltr'>est,</span> 
     </span>
     <span class='ocr_line' id='line_1_38' title="bbox 337 3491 1595 3562; baseline 0.002 -16"><span class='ocrx_word' id='word_1_256' title='bbox 337 3492 430 3546; x_wconf 87' lang='lat' dir='ltr'>Bis</span> <span class='ocrx_word' id='word_1_257' title='bbox 455 3494 676 3560; x_wconf 76' lang='lat' dir='ltr'>Styg-ios</span> <span class='ocrx_word' id='word_1_258' title='bbox 699 3491 891 3546; x_wconf 86' lang='lat' dir='ltr'>inuare</span> <span class='ocrx_word' id='word_1_259' title='bbox 914 3491 1082 3562; x_wconf 86' lang='lat' dir='ltr'>lacus,</span> <span class='ocrx_word' id='word_1_260' title='bbox 1117 3493 1203 3546; x_wconf 89' lang='lat' dir='ltr'>bis</span> <span class='ocrx_word' id='word_1_261' title='bbox 1222 3493 1383 3561; x_wconf 80' lang='lat' dir='ltr'>nigra</span> <span class='ocrx_word' id='word_1_262' title='bbox 1404 3493 1595 3548; x_wconf 83' lang='lat' dir='ltr'>videre</span> 
     </span>
    </p>
   </div>
  </div>
 </body>
</html>
