2725 3892
1051 203 1328 254 VERGILI
1372 202 1703 254 AENEIDOS
1746 203 1812 254 11.

413 361 714 417 Labentem
739 362 916 431 pietas
939 377 1043 416 nec
1066 361 1348 431 Apollinis
1368 361 1544 418 infula
1568 363 1727 416 texit.
1744 317 2038 436 <ll-

411 447 566 502 Iliaci
590 448 802 504 cineres
826 453 884 502 et
908 448 1129 504 flamma
1154 453 1405 518 extrema
1427 464 1695 517 meorum,

411 533 620 604 Testor,
645 535 703 588 in
729 551 926 590 occasu
949 539 1136 590 vestro
1159 551 1264 590 nec
1289 535 1404 591 tela
1426 551 1531 590 nec
1555 535 1697 590 ullas

411 619 694 676 vitavisse
716 621 867 675 vices
893 620 1164 684 Danaum.
1193 627 1266 688 et,
1294 622 1342 674 si
1368 621 1484 676 fata
1508 620 1760 690 fuissent,

411 707 490 760 Ut
513 706 783 775 caderem,
813 708 1076 762 meruisse
1101 723 1288 762 manu.
1363 706 1695 762 Divellimur
1719 709 1883 764 inde:

409 792 627 862 Iphitus
650 798 709 847 et
731 793 914 848 Pelias
937 808 1170 862 mecum,
1207 809 1443 862 quorum
1467 793 1685 862 Iphitus
1710 810 1847 849 aevo

408 879 528 934 Iam
553 879 787 949 gravior,
813 879 996 935 Pelias
1020 885 1077 934 et
1103 879 1327 934 volnere
1351 879 1544 934 tardus
1572 878 1755 948 Ulixi;

409 967 674 1022 Protinus
695 967 768 1022 ad
790 967 948 1022 sedes
971 966 1180 1022 Priami
1204 967 1447 1021 clamore
1473 967 1669 1022 vocati.

411 1053 516 1108 Hic
543 1070 674 1108 vero
695 1055 978 1123 ingentem
1001 1071 1258 1124 pugnam,
1289 1070 1391 1109 ceu
1417 1058 1605 1108 cetera
1625 1070 1894 1124 nusquam

408 1139 565 1196 Bella
587 1141 792 1210 forent,
819 1141 958 1196 nulli
978 1145 1102 1195 tota
1125 1145 1475 1195 morerentur
1500 1141 1561 1194 in
1586 1141 1753 1209 urbe;

408 1227 499 1281 Sic
524 1227 762 1282 Martem
787 1227 1135 1296 indomitum,
1165 1227 1497 1295 Danaosque
1523 1225 1595 1280 ad
1618 1232 1766 1281 tecta
1790 1229 2001 1284 ruentis

409 1313 711 1384 Cernimus,
741 1315 1130 1384 obsessumque
1154 1318 1278 1368 acta
1303 1311 1583 1368 testudine
1606 1313 1791 1368 limen.

407 1399 657 1456 Haerent
681 1401 982 1470 parietibus
1003 1399 1198 1467 scalae,
1229 1399 1511 1468 postisque
1537 1399 1639 1452 sub
1662 1399 1813 1468 ipsos

406 1485 676 1540 Nituntur
701 1485 974 1555 gradibus,
1003 1485 1314 1555 clipeosque
1342 1484 1413 1540 ad
1440 1484 1553 1538 tela
1576 1485 1815 1540 sinistris

406 1571 648 1627 Protecti
673 1572 937 1639 obiciunt,
965 1575 1230 1642 prensant
1256 1571 1475 1640 fastigia
1499 1570 1726 1626 dextris.

405 1657 758 1712 Dardanidae
784 1667 980 1712 contra
1003 1657 1175 1712 turris
1199 1674 1263 1712 ac
1288 1663 1439 1712 tecta
1466 1657 1757 1711 domorum

405 1743 660 1799 Culmina
683 1744 1156 1800 convellunt—his
1181 1761 1256 1827 se,
1286 1744 1507 1814 qnando
1534 1744 1729 1798 ultima
1754 1751 2004 1816 cernunt,

289 1875 295 1880 .
401 1830 669 1886 Extrema
691 1832 798 1886 ism
824 1831 885 1884 in
907 1836 1088 1885 morte
1109 1835 1308 1900 parant
1335 1830 1637 1888 defendere
1662 1831 1858 1886 telis—

404 1916 750 1987 Auratasque
773 1918 972 1986 trabes,
1002 1922 1251 1971 veterum
1277 1917 1479 1972 decora
1502 1919 1616 1973 alta
1638 1925 1947 1989 parentum,

402 2003 753 2070 Devolvunt;
795 2003 888 2057 alii
913 2004 1120 2059 strictis
1143 2005 1501 2060 mucronibus
1527 2004 1669 2060 imas

403 2089 683 2145 Obsedere
705 2089 884 2158 fores3
923 2090 1027 2144 has
1049 2098 1272 2146 servant
1299 2092 1517 2159 agmine
1544 2091 1734 2146 denso.

400 2172 700 2228 Instaurati
726 2173 908 2244 animi,
936 2174 1082 2243 regis
1105 2192 1425 2231 succurrere
1449 2177 1629 2246 tectis,

401 2258 736 2330 Auxilioque
759 2259 944 2314 levare
967 2262 1133 2330 viros,
1162 2263 1385 2332 vimque
1412 2263 1613 2318 addere
1643 2264 1819 2320 victis.

470 2346 664 2400 Limen
689 2353 808 2401 erat
833 2363 1134 2416 caecaeque
1157 2347 1306 2402 fores
1331 2355 1387 2402 et
1412 2350 1635 2418 pervius
1661 2367 1793 2406 usus

399 2431 694 2488 Tectorum
717 2434 864 2487 inter
888 2449 947 2488 se
972 2433 1194 2503 Priami,
1221 2440 1517 2504 postesque
1542 2436 1722 2491 relicti

401 2519 456 2573 A
478 2523 654 2588 tergo,
681 2519 872 2574 infelix
896 2537 1006 2590 qua
1027 2536 1104 2588 se,
1133 2520 1264 2574 dum
1289 2537 1462 2590 regna
1486 2523 1801 2592 manebant,

399 2605 628 2674 Saepius
651 2606 1040 2660 Andromache
1061 2605 1212 2661 terre
1239 2607 1565 2662 incomitata
1592 2608 1805 2663 solebat

397 2691 490 2746 Ad
514 2708 748 2762 socerQS,
777 2698 834 2746 et
858 2709 963 2747 avo
989 2709 1218 2760 puerum
1248 2693 1592 2761 Astyanacta
1618 2693 1888 2750 trahebat.

397 2778 591 2833 Evado
615 2779 684 2833 ad
707 2780 904 2833 summi
927 2779 1151 2848 fastigia
1179 2780 1446 2850 culminis,
1478 2779 1625 2834 unde

398 2859 528 2920 Tela
549 2881 718 2920 manu
741 2865 926 2920 miseri
951 2866 1231 2921 iactabant
1254 2867 1427 2922 inrita
1449 2868 1660 2923 Teucri.

399 2945 613 3004 Turrim
638 2951 697 3004 in
722 2950 1006 3021 praecipiti
1031 2957 1270 3007 stantem
1305 2955 1640 3024 summisque
1665 2956 1767 3009 sub
1794 2959 1943 3010 astra

395 3031 666 3093 Eductam
693 3037 865 3106 tectis,
892 3038 1038 3093 unde
1061 3039 1239 3092 omnis
1263 3038 1429 3094 Troia
1454 3042 1627 3097 videri

395 3123 468 3178 Et
489 3123 742 3178 Danaum
769 3123 963 3179 solitae
987 3141 1155 3179 naves
1179 3131 1235 3179 et
1264 3125 1478 3182 Achaia
1501 3135 1696 3196 castra,

397 3210 656 3278 Aggressi
680 3210 834 3265 ferro
860 3211 1084 3280 circum,
1115 3227 1222 3280 qua
1247 3229 1465 3268 summa
1486 3213 1725 3270 labantis

395 3295 685 3350 Iuncturas
707 3296 957 3351 tabulata
980 3296 1202 3366 dabant,
1233 3299 1593 3356 convellimus
1616 3301 1744 3357 altis

395 3380 639 3450 Sedibus,
667 3381 1124 3454 impulimusqn03
1165 3399 1231 3438 es
1253 3383 1409 3455 lapsa
1431 3393 1663 3456 repente
1686 3389 1903 3458 ruinam

394 3465 536 3520 Cum
561 3467 745 3522 sonitu
768 3468 940 3524 trahit
965 3475 1024 3525 et
1046 3469 1300 3527 Danaum
1325 3487 1490 3544 super
1514 3475 1735 3543 agmina
1754 3475 1869 3530 late

2346 369 2454 424 480

2343 801 2449 854 435

2334 2095 2442 2150 450

2331 2526 2438 2580 455

2328 2959 2439 3012 460
