2725 3892
971 228 1245 280 VERGILI
1291 227 1619 279 AENEIDOS
1664 228 1805 281 vm.

369 388 490 446 Una
513 406 708 446 omnes
731 406 906 459 ruere,
935 406 1002 443 ae
1025 394 1206 443 totum
1233 404 1487 467 spumare
1514 389 1760 443 reductis

363 478 704 533 convulsum
728 477 896 555 remis
919 476 1218 545 rostrisque
1243 476 1583 530 tridentibus
1606 480 1829 547 aequor.
2294 481 2399 533 690

361 563 496 618 Alta
520 568 753 633 petunt:
793 562 988 633 pelago
1013 543 1208 617 eredas
1231 564 1430 617 innare
1454 562 1703 617 revulsas

361 650 770 721 Cyohdaaxaut
793 646 998 703 montis
1022 634 1350 703 con‘eurrere
1374 648 1655 704 montibus
1679 650 1849 705 altos:

310 798 333 805 ,
359 736 535 792 Tanta
555 736 702 791 mole
727 722 832 790 viri
855 736 1074 807 turritis
1097 736 1374 805 puppibus
1394 737 1619 790 instant.

161 804 606 893 AE-Stuppoa
627 822 846 882 flamma
869 838 1038 877 manu
1065 822 1294 891 telisque
1319 822 1544 877 volatile
1570 823 1775 877 ferrum

297 958 342 994 „s
357 908 679 979 Spargitur;
719 924 854 963 arva
875 924 1024 963 nova
1046 907 1331 993 Neptupia
1353 900 1525 976 caede
1548 909 1865 966 rubescunt.
2260 913 2395 965 4395

289 1003 314 1049 l
350 994 573 1064 *Regina
594 996 652 1049 in
677 994 874 1053 mediis
897 996 1079 1065 patrio
1107 1000 1272 1049 vocat
1285 989 1519 1067 'agmina
1542 996 1719 1065 sistro,
1747 1000 1753 1009 ’

357 1076 610 1137 Necdum
638 1082 803 1136 etiam
830 1082 1080 1150 geminos
1105 1097 1140 1135 a
1157 1087 1320 1153 tergo
1344 1081 1575 1151 respicit
1598 1082 1805 1151 anguis.

359 1156 836 1237 omnigenumque
859 1166 1025 1223 deum
1049 1172 1299 1223 monstra
1323 1173 1382 1223 et
1405 1168 1639 1245 latrator
1662 1168 1879 1230 Anubis

357 1255 570 1310 Contra
587 1254 649 1308 ,Ν
652 1262 918 1324 eptunum
944 1262 1002 1312 et
1024 1256 1306 1312 Ven'erem
1331 1264 1633 1328 contraque
1658 1258 1961 1313 Minervam

357 1342 487 1397 Tela
509 1347 720 1396 tenent.
795 1342 984 1399 Saevit
1007 1345 1190 1399 medio
1215 1345 1276 1399 in
1299 1345 1601 1399 certamine
1624 1343 1847 1400 Mavors
2286 1346 2391 1401 700

357 1428 614 1483 Caelatus
638 1429 808 1499 ferro,
837 1430 1132 1501 tristesque
1155 1448 1224 1485 ex
1255 1430 1479 1486 aethere
1506 1430 1674 1499 Dirae
1692 1420 1729 1499 ς’

357 1516 431 1572 Et
454 1518 622 1573 scissa
645 1517 891 1587 gaudens
918 1518 1074 1572 vadit
1101 1517 1395 1581 Discordia
1416 1520 1578 1589 palla,

358 1604 538 1671 Quam
564 1621 690 1660 cum
713 1606 1016 1673 sanguineo
1043 1606 1292 1673 sequitur
1317 1604 1551 1661 Bellona
1572 1606 1808 1677 fiagello.

355 1691 557 1746 Aetius
579 1690 717 1747 haec
742 1708 976 1747 cernens
1000 1707 1188 1745 arcum
1213 1691 1539 1748 intendebat
1561 1693 1770 1761 Apollo

355 1776 640 1849 Desuper:
683 1782 862 1835 omnis
887 1798 954 1836 eo
979 1787 1191 1836 terrore
1217 1781 1507 1850 Aegyptus
1530 1785 1587 1834 et
1612 1779 1753 1851 Indi,
2286 1781 2387 1837 ⁷06

359 1863 553 1921 Omnis
577 1868 776 1937 Arabs,
806 1884 1000 1923 omnes
1022 1868 1314 1923 vertebant
1337 1873 1497 1936 terga
1518 1865 1745 1936 Sabaei3

359 1954 486 2027 Ipsa
507 1955 798 2012 videbatur
821 1956 1003 2011 ventis
1027 1956 1218 2025 regina
1241 1954 1451 2009 voeatis

355 2040 501 2098 Vela
523 2046 669 2117 dare,
697 2053 755 2103 et
777 2046 933 2103 laxos
957 2048 1067 2117 iam
1093 2047 1310 2117 iamque
1330 2046 1635 2102 immittere
1658 2045 1823 2101 funis.

355 2128 515 2188 Illam
539 2135 688 2191 inter
711 2135 908 2191 caedes
930 2136 1231 2207 pallentem
1257 2140 1440 2190 morte
1462 2134 1653 2191 futura

355 2219 588 2277 Fecerat
610 2222 935 2294 Ignipotens
959 2224 1121 2279 undis
1145 2230 1203 2280 et
1227 2224 1434 2297 Iapyge
1458 2224 1623 2293 ferri;
2286 2222 2388 2275 710

355 2306 567 2363 Contra
589 2316 774 2365 autem
798 2326 1000 2379 magno
1021 2318 1362 2367 maerentem
1388 2328 1619 2382 corpore
1644 2310 1849 2378 Nilum,

354 2390 803 2466 Pandentemque
826 2397 980 2451 sinus
1002 2402 1060 2451 et
1082 2403 1202 2451 tota
1227 2404 1381 2452 veste
1406 2403 1693 2463 vocantem

356 2480 680 2537 Caeruleum
703 2485 763 2538 in
789 2485 1056 2553 gremium
1085 2482 1468 2553 latebrosaque
1494 2470 1720 2536 fiumina
1742 2482 1933 2534 victos.

355 2566 438 2621 At
463 2566 680 2637 Caesar,
707 2570 916 2638 triplici
942 2565 1196 2623 invectus
1221 2566 1475 2623 Romana
1498 2566 1781 2643 triumpho

353 2652 588 2725 Moenia,
616 2654 702 2711 dis
725 2655 881 2710 Italis
905 2640 1437 2710 'votum'immortale
1462 2654 1724 2721 sacrabat,
2280 2652 2383 2709 '1115

352 2740 594 2797 Maxima
615 2748 702 2797 ter
726 2748 949 2797 eentum
973 2746 1150 2797 totam
1175 2740 1409 2796 delubra
1428 2756 1531 2810 per
1554 2738 1777 2793 Urbem.

353 2827 588 2885 Laetitia
609 2830 862 2898 ludisque
887 2830 1009 2885 viae
1036 2817 1340 2904 plausuque
1366 2827 1710 2893 fremebant5

353 2916 625 2971 Omnibus
648 2919 706 2971 in
727 2904 1214 2985 templis'matrum
1241 2915 1461 2983 chorus,
1490 2914 1747 2969 omnibus
1772 2927 1932 2977 arae;

353 2974 652 3057 Ante‘dras
673 3008 880 3057 terram
904 3002 1049 3056 caesi
1075 3006 1320 3057 stravere
1341 3002 1580 3057 iuvenci.

352 3086 494 3158 Ipse,
521 3090 716 3144 sedens
737 3089 901 3143 niveo
926 3087 1211 3143 candentis
1231 3088 1426 3145 limine
1450 3089 1677 3158 Phoebi,
2280 3086 2383 3144 '120

351 3174 518 3231 Dona
540 3176 886 3246 recognoscit
908 3178 1240 3249 populorum
1271 3172 1535 3248 aptatque
1562 3174 1812 3245 superbis

353 3260 638 3333 Postibus3
677 3264 947 3320 incedunt
971 3267 1148 3321 victae
1171 3264 1338 3332 longo
1365 3262 1557 3317 ordine
1588 3267 1799 3331 gentes,

354 3350 534 3416 Quam
557 3352 742 3407 variae
765 3351 981 3422 linguis,
1008 3351 1206 3406 habitu
1231 3359 1348 3405 tam
1373 3352 1546 3405 vestis
1571 3357 1627 3405 et
1649 3344 1830 3406 armis.

355 3436 460 3492 Hie
486 3436 800 3493 Nomadum
825 3454 996 3505 genus
1018 3444 1076 3492 et
1097 3436 1394 3493 discinctos
1417 3434 1689 3492 Mulciber
1714 3436 1901 3503 Afros,

355 3518 462 3574 Hic
485 3520 712 3591 Lelegas
737 3518 1015 3594 Carasque
1039 3522 1495 3595 sagittiferosque
1518 3518 1762 3597 Gelonos
2280 3520 2380 3575 '125
