2725 3892
997 229 1272 280 VERGILI
1315 227 1643 279 AENEIDOS
1688 228 1751 278 11.

362 392 517 448 Pone
540 393 676 461 leg-it
699 393 988 461 sinuatque
1011 393 1280 445 immensa
1302 389 1582 445 volumine
1612 395 1783 458 terga.

362 480 454 536 Fit
477 481 690 534 sonitus
715 485 1006 549 spumante
1031 479 1180 547 salo;
1220 479 1439 547 iamque
1468 493 1601 532 arva
1624 477 1905 546 tenebant,

365 567 738 636 Ardentisque
763 565 952 620 oculos
977 565 1195 618 suffecti
1222 564 1485 632 sanguine
1511 569 1569 617 et
1592 564 1724 632 igni,
2293 567 2399 618 210

363 653 537 708 Sibila
559 652 874 708 lambebant
897 652 1102 722 linguis
1126 651 1473 705 vibrantibus
1498 665 1611 704 ora.

365 739 700 808 Diffugimus
722 740 842 793 visu
869 754 1188 808 exsangues.
1263 737 1351 790 Ilii
1380 737 1596 805 agmine
1621 745 1775 790 certo

363 826 681 881 Laocoonta
699 831 924 895 petunt3
967 829 1022 879 et
1049 826 1287 894 primum
1312 839 1485 892 parva
1510 823 1744 876 duorum

365 911 614 982 Corpora
636 917 896 966 natorum
922 927 1148 980 serpens
1175 909 1461 978 amplexus
1483 913 1716 977 uterque

365 999 620 1068 Implicat
643 1003 700 1052 et
723 999 955 1052 miseros
979 1013 1166 1051 morsu
1191 996 1509 1065 depascitur
1531 1000 1714 1062 artus3
2295 997 2399 1049 215

365 1085 500 1138 Post
522 1087 718 1154 ipsum,
747 1084 952 1140 auxilio
977 1084 1299 1139 subeuntem
1325 1099 1391 1137 ac
1414 1081 1527 1135 teia
1548 1082 1835 1148 ferentem,

364 1171 700 1239 Corripiunt,
729 1171 997 1240 spirisque
1021 1170 1198 1239 ligant
1223 1167 1567 1236 ingentibus3
1610 1172 1666 1220 et
1689 1166 1798 1221 iam

364 1258 462 1313 Bis
483 1259 726 1312 medium
751 1258 1005 1326 amplexi,
1033 1256 1120 1310 bis
1145 1255 1286 1310 collo
1313 1269 1573 1323 squamea
1596 1253 1799 1307 circum

362 1343 541 1414 Terga
563 1344 694 1413 dati,
724 1349 987 1415 superant
1010 1343 1192 1412 capite
1217 1347 1274 1396 et
1299 1341 1605 1396 cervicibus
1626 1339 1769 1394 altis.

361 1430 464 1486 Ille
487 1431 650 1484 simui
675 1431 928 1486 manibus
951 1430 1134 1484 tendit
1157 1427 1419 1483 divellere
1446 1425 1637 1495 nodos,
2294 1429 2399 1482 220

361 1516 623 1572 Perfusus
647 1518 799 1572 sanie
824 1517 994 1571 vittas
1019 1521 1250 1585 atroque
1277 1530 1511 1582 venen0,

364 1604 646 1659 Clamores
669 1603 830 1658 simul
851 1603 1160 1658 horrendos
1185 1602 1252 1656 ad
1279 1601 1461 1655 sidera
1484 1599 1668 1654 tollit:

365 1691 552 1757 Qualis
573 1692 830 1760 mugitus,
861 1690 1004 1759 fugit
1026 1706 1151 1743 cum
1177 1689 1395 1742 saucius
1421 1703 1572 1740 aram

362 1778 573 1832 Taurus
597 1783 654 1832 et
676 1778 945 1832 incertam
969 1777 1209 1831 excussit
1233 1776 1447 1829 cervice
1472 1774 1724 1829 securim.

363 1863 444 1918 At
467 1865 672 1934 gemini
695 1865 850 1934 lapsu
875 1863 1105 1920 delubra
1127 1863 1196 1917 ad
1221 1877 1434 1916 summa
1456 1859 1724 1916 dracones
2292 1863 2399 1915 225

363 1949 648 2019 Effugiant
673 1967 973 2020 saevaeque
997 1954 1196 2018 petunt
1222 1947 1523 2002 Tritonidis
1546 1963 1743 2016 arcem,

363 2035 476 2091 Sub
499 2037 838 2106 pedibusque
861 2037 998 2090 deae
1023 2036 1300 2104 clipeique
1318 2035 1422 2088 sub
1448 2033 1583 2087 orbe
1607 2038 1885 2101 teguntur.

363 2124 502 2176 Tum
527 2139 660 2177 vero
683 2123 1005 2177 tremefacta
1027 2139 1206 2177 novus
1229 2139 1328 2190 per
1353 2126 1585 2190 pectora
1612 2122 1831 2176 cunctis

361 2208 615 2262 Insinuat
638 2226 824 2277 pavor,
854 2213 912 2262 et
933 2208 1108 2262 scelus
1134 2209 1455 2278 expendisse
1480 2212 1780 2262 merentem

363 2294 678 2348 Laocoonta
701 2295 901 2363 ferunt,
930 2311 1146 2348 sacrum
1173 2295 1265 2364 qui
1291 2295 1514 2363 cuspide
1542 2295 1710 2348 robur
2292 2296 2398 2348 280

363 2379 608 2434 Laeserit
631 2386 687 2434 et
711 2385 868 2448 tergo
893 2380 1211 2480 sceleratam
1235 2380 1523 2435 intorserit
1552 2380 1783 2480 bastani.
2057 2465 2093 2476 ἱ·
2210 2389 2289 2522 νζ
2375 2413 2396 2485 f

305 2467 689 2539 *Ducendum
715 2466 784 2520 ad
809 2465 966 2520 sedes
991 2466 1342 2554 simulacrum
1370 2467 1684 2536 orandaque
1708 2467 1870 2520 divae
2070 2485 2092 2498 ⁸
2142 2449 2208 2510 Μ
2307 2467 2344 2503 ‘¹

362 2553 606 2608 Numina
631 2552 991 2609 conclamant.

360 2629 675 2695 Dividimu‘s
699 2657 888 2695 muros
913 2645 970 2694 et
995 2640 1214 2694 moenia
1239 2639 1533 2709 pandimus
1560 2641 1725 2695 urbis.

363 2727 678 2796 Accingunt
703 2743 892 2782 omnes
915 2727 1086 2797 operi,
1114 2726 1457 2797 pedibusque
1483 2733 1733 2782 rotarum
2292 2729 2399 2781 285

361 2813 650 2869 Subiciunt
673 2814 874 2882 lapsus,
903 2819 960 2868 et
985 2820 1219 2883 stuppea
1243 2815 1467 2869 vincula
1490 2813 1633 2869 colio

361 2899 682 2956 Intendunt.
757 2899 985 2954 Scandit
1008 2901 1191 2955 fatalis
1215 2901 1472 2956 machina
1495 2918 1699 2968 muros,

363 2987 502 3042 Feta
523 2987 702 3042 armis.
778 2986 946 3041 Pueri
970 2987 1176 3041 circum
1203 2987 1575 3056 innuptaeque
1600 2986 1816 3056 puellae

363 3073 530 3128 Sacra
553 3079 776 3142 canunt,
802 3073 1101 3142 funemque
1123 3089 1291 3127 manu
1317 3073 1641 3142 contingere
1664 3073 1922 3142 gaudent.

367 3159 464 3213 Illa
487 3159 648 3228 subit,
675 3159 998 3228 mediaeque
1021 3159 1239 3213 minans
1261 3159 1525 3213 inlabitur
1548 3159 1690 3214 urbi.
2290 3163 2399 3214 240

363 3245 410 3300 O
435 3247 632 3315 patria,
662 3262 697 3299 o
721 3245 909 3299 divom
933 3246 1130 3299 domus
1155 3245 1333 3314 Ilium,
1363 3251 1421 3299 et
1444 3244 1653 3299 incluta
1674 3246 1821 3299 bello

363 3331 580 3386 Moenia
605 3331 1014 3386 Dardanidum!
1057 3335 1252 3402 quater
1276 3333 1399 3401 ipso
1424 3332 1484 3385 in
1507 3331 1697 3385 limine
1720 3336 1916 3400 portae

361 3417 636 3486 Substitit,
665 3425 829 3487 atque
855 3422 1012 3471 utero
1037 3417 1279 3470 sonitum
1304 3423 1499 3487 quater
1524 3433 1677 3472 arma
1699 3417 1932 3486 dodel-03

362 3503 637 3558 Instemus
659 3509 846 3558 tamen
869 3503 1220 3557 immemores
1245 3503 1499 3571 caecique
1525 3503 1732 3570 surore,
