2725 3892
967 214 1242 265 VERGILI
1291 212 1668 267 GEORGIOON
1713 216 1807 269 111.

354 376 644 447 Purpurea
663 376 868 431 intexti
891 374 1093 431 tollant
1117 376 1311 431 aulaea
1337 375 1609 433 Britanni.

355 464 422 517 In
441 462 652 517 foribus
674 478 916 532 pugnam
941 479 1011 518 ex
1035 479 1172 517 auro
1197 462 1485 533 solidoque
1510 463 1811 533 elephanto

355 548 734 618 Gangaridum
759 548 960 603 faciam
985 548 1324 619 victorisque
1349 566 1503 605 arma
1528 550 1761 618 Quirini,

355 636 542 705 Atque
565 634 656 689 hic
681 635 980 689 undantem
1008 634 1153 689 bello
1175 652 1549 705 magnumque
1574 635 1837 691 fluentem

355 722 564 792 Nilum,
591 739 656 777 ac
679 722 860 776 navali
886 722 1164 791 surgentis
1187 738 1315 778 aere
1343 723 1647 777 columnas.

353 808 576 864 Addam
603 809 764 863 urbes
789 808 958 867 Asiae
981 809 1221 865 domitas
1247 808 1576 879 pulsumque
1600 808 1887 879 Niphaten

353 896 752 965 Fidentemque
777 895 908 963 fuga
928 894 1200 949 Parthum
1230 895 1515 964 versisque
1540 892 1773 965 sagittis,

351 981 427 1036 Et
447 981 560 1037 duo
581 986 742 1051 rapta
765 996 932 1037 manu
955 981 1176 1039 diverso
1199 998 1270 1037 ex
1291 981 1455 1037 hoste
1479 988 1711 1052 tropaea

351 1069 556 1141 Bisque
579 1069 948 1139 triumphatas
969 1074 1207 1139 utroque
1233 1069 1302 1125 ab
1327 1067 1491 1123 litore
1514 1070 1712 1138 gentis.

351 1156 593 1211 Stabunt
615 1159 674 1209 et
697 1154 846 1209 Parii
869 1154 1095 1224 lapides,
1125 1158 1395 1227 spirantia
1420 1156 1594 1227 signa,

349 1242 611 1299 Assaraci
634 1241 820 1311 proles
843 1242 1218 1312 demissaeque
1244 1244 1314 1299 ab
1339 1243 1474 1298 Iove
1498 1241 1681 1312 gentis

349 1328 609 1398 Nomina,
637 1328 883 1398 Trosque
907 1344 1122 1398 parens,
1151 1336 1210 1385 et
1233 1330 1429 1387 Troiae
1454 1328 1731 1397 Cynthius
1754 1332 1960 1383 auctor.

349 1414 566 1471 Invidia
589 1413 785 1469 infelix
809 1414 1004 1469 Furias
1027 1432 1356 1487 amnemque
1380 1432 1639 1471 severum

350 1502 548 1572 Cocyti
571 1508 782 1559 metuet
804 1506 1090 1573 tortosque
1115 1503 1326 1558 Ixionis
1347 1503 1545 1573 anguis

349 1589 761 1661 Immanemque
783 1594 980 1657 rotam,
1010 1597 1068 1645 et
1090 1606 1204 1645 non
1229 1589 1613 1660 exsuperabile
1634 1604 1847 1643 saxum.

349 1676 572 1732 Interea
593 1675 880 1743 Dryadum
906 1676 1073 1731 silvas
1097 1677 1378 1746 saltusque
1402 1690 1698 1745 sequamur

348 1762 610 1831 intactos,
637 1767 749 1831 tua,
776 1761 1081 1834 Maecenas,
1109 1762 1258 1818 haud
1285 1762 1475 1818 mollia
1496 1763 1658 1817 iussa.

347 1846 424 1905 Te
449 1850 567 1903 sine
592 1848 670 1903 nil
697 1848 868 1903 altum
895 1866 1054 1905 mens
1077 1850 1332 1905 incohat:
1376 1866 1447 1905 en
1472 1866 1589 1918 age,
1616 1848 1801 1917 segnis

349 1937 563 2008 Rumpe
587 1954 802 2007 moras3
843 1941 1008 1993 vocat
1031 1938 1246 2006 ingenti
1271 1936 1512 1991 clamore
1538 1935 1839 1991 Cithaeron

345 2023 683 2094 Taygetique
707 2040 870 2079 canes
891 2024 1268 2093 domitrixque
1292 2022 1607 2093 Epidaurus
1628 2036 1912 2092 equorum,

345 2113 419 2167 Et
444 2131 554 2170 vox
579 2112 809 2169 adsensu
836 2126 1127 2166 nemorum
1150 2111 1491 2180 ingeminata
1512 2109 1769 2178 remugit.

343 2200 478 2257 Mox
501 2206 690 2257 tamen
713 2199 960 2255 ardentis
981 2198 1238 2267 accingar
1261 2199 1445 2253 dicere
1468 2212 1687 2267 pugnas

347 2284 612 2354 Caesaris,
639 2290 698 2339 et
721 2300 926 2339 nomen
950 2284 1100 2339 fama
1125 2289 1212 2338 tot
1235 2284 1386 2337 ferre
1410 2298 1511 2353 per
1535 2298 1727 2349 annos,

345 2372 570 2429 Tithoni
593 2372 776 2443 prima
799 2376 934 2443 quot
959 2371 1115 2427 abest
1139 2370 1208 2425 ab
1233 2370 1447 2439 origine
1470 2369 1690 2424 Caesar.

415 2460 524 2515 Seu
550 2459 690 2529 quis,
718 2459 1076 2528 Olympiacae
1098 2458 1332 2512 miratus
1355 2454 1603 2526 praemia
1626 2454 1857 2524 palmae,

345 2544 529 2601 Pascit
551 2562 736 2617 equos,
765 2562 862 2601 seu
886 2547 1008 2615 quis
1030 2545 1196 2599 fortis
1220 2544 1290 2599 ad
1315 2549 1503 2599 antra
1526 2543 1803 2608 iuvencos,

345 2632 594 2703 Oorpora
615 2633 909 2703 praecipue
931 2636 1174 2687 matrum
1199 2632 1362 2701 legat.
1441 2628 1671 2697 Optima
1688 2632 1889 2681 torvae

343 2718 548 2775 Forma
569 2720 744 2789 bovis,
771 2720 861 2775 cui
883 2724 1048 2789 turpe
1071 2724 1254 2788 caput,
1283 2718 1377 2772 cui
1400 2714 1641 2785 plurima
1662 2710 1869 2777 cervix,

343 2804 416 2859 Et
440 2822 662 2862 crurum
685 2811 850 2861 tenus
874 2821 907 2860 a
931 2810 1120 2861 mento
1141 2804 1387 2875 palearia
1412 2800 1687 2871 pendent;

343 2891 483 2947 Tum
504 2892 674 2962 longo
699 2892 882 2947 nullus
903 2892 1064 2947 lateri
1089 2892 1314 2957 modim
1355 2888 1547 2943 omnia
1570 2901 1789 2955 magna,

343 2979 448 3035 Pes
471 2981 668 3047 etiam3
708 2985 767 3035 et
789 2980 1028 3035 camuris
1051 2979 1233 3033 hirtae
1255 2976 1356 3031 sub
1382 2974 1645 3029 cornibus
1668 2988 1847 3029 aures.

343 3065 462 3121 Nec
483 3066 621 3121 mihi
645 3065 934 3135 displiceat
955 3063 1186 3119 maculis
1211 3062 1443 3129 insignis
1466 3066 1525 3113 et
1547 3058 1693 3127 albo,

347 3152 460 3208 Aut
481 3152 610 3221 iuga
633 3152 950 3207 detrectans
971 3150 1360 3217 interdumque
1386 3162 1583 3213 aspera
1604 3161 1797 3215 cornu,

341 3238 414 3295 Et
437 3240 635 3294 faciem
659 3244 820 3293 tauro
843 3238 1085 3308 propior,
1115 3250 1364 3306 quaeque
1388 3232 1560 3287 ardua
1581 3238 1721 3303 tota,

343 3324 416 3380 Et
438 3324 694 3395 gradiens
715 3325 828 3379 ima
852 3324 1026 3378 verrit
1049 3322 1282 3390 vestigia
1303 3318 1497 3374 canda.

344 3414 516 3467 Aetas
538 3412 799 3466 Lucinam
823 3410 1104 3479 iustosque
1125 3409 1242 3479 pati
1267 3407 1609 3474 hymenaeos

343 3496 559 3553 Desinit
583 3504 711 3551 ante
735 3496 944 3565 decem,
971 3502 1100 3566 post
1125 3490 1388 3566 quattuor
1412 3492 1609 3562 incipit
1632 3506 1833 3557 annos3

2328 380 2403 436 25

2328 814 2399 867 80

2314 2540 2387 2594 50
