2725 3892
1001 210 1276 263 vanem
1318 210 1651 263 nummos
1710 212 1798 263 xl.

383 371 432 428 N
437 389 498 427 ee
523 388 753 428 numero
779 390 882 428 neo
905 374 1120 429 honore
1143 378 1425 443 cremant3
1464 379 1601 429 tuno
1622 372 1867 445 undique
1898 374 2037 430 vasti

379 458 649 513 Certatim
673 461 882 515 crebris
903 460 1202 515 eonluoent
1225 462 1447 530 ignibus
1468 460 1602 529 agri.

379 544 564 599 Tertia
587 545 683 599 lux
708 546 944 614 gelidam
969 547 1124 601 eaelo
1147 547 1460 601 dimoverat
1485 548 1765 601 umbram:

377 632 688 687 Haerentes
713 632 885 687 altum
911 634 1150 688 cinerem
1177 640 1235 689 et
1259 635 1495 689 eenfusa
1519 635 1757 688 ruebant

377 719 516 774 Ossa
539 720 690 787 focis,
719 720 1016 789 tepidoque
1041 721 1346 775 onerabant
1372 736 1569 789 aggere
1595 726 1791 775 terrae.

377 806 494 861 Iam
519 823 654 861 vero
677 808 736 861 in
761 809 938 876 tectis,
968 808 1290 876 praedivitis
1315 808 1455 862 urbe
1483 806 1680 875 Latini,

375 892 712 963 Praecipuus
734 896 922 963 fragor
945 900 1003 948 et
1025 894 1178 963 longi
1207 910 1336 963 pars
1361 894 1603 948 maxima
1624 894 1823 949 luctus.

375 979 481 1035 Hie
504 988 711 1037 matres
734 983 1071 1052 miseraeque
1093 997 1281 1049 nurus,
1313 980 1409 1035 hie
1432 996 1561 1035 oara
1583 996 1835 1037 sororum

373 1066 610 1123 Pectora
633 1074 992 1137 maerentum,
1017 1070 1284 1139 puerique
1309 1068 1635 1137 parentibus
1661 1069 1801 1137 orbi,

371 1153 568 1209 Dirum
593 1162 948 1211 exsecrantur
973 1156 1178 1211 bellum
1202 1154 1482 1223 Turnique
1506 1155 1875 1224 hymenaeon

371 1238 560 1307 Ipsum
585 1240 766 1307 armis,
795 1241 1082 1311 ipsumque
1105 1241 1300 1295 iubent
1325 1240 1623 1295 deeeruere
1647 1240 1816 1309 ferm,

372 1324 481 1392 Qui
502 1343 734 1397 regnum
759 1326 950 1383 Italiae
975 1334 1032 1382 et
1053 1328 1264 1397 primos
1285 1326 1392 1381 sibi
1416 1330 1611 1395 poseat
1634 1326 1890 1382 honores.

369 1412 632 1481 Ingravat
655 1414 787 1469 haee
813 1430 1009 1469 saevus
1032 1414 1294 1483 Drances,
1321 1414 1611 1482 solumque
1640 1414 1824 1469 vocari

369 1498 638 1563 Testatur,
667 1500 842 1554 solum
869 1501 1022 1569 posci
1047 1502 1106 1554 in
1131 1500 1439 1555 certamina
1464 1500 1729 1563 Turnum.

368 1584 546 1641 Multa
568 1588 729 1642 simul
755 1593 950 1643 eontra
975 1589 1142 1643 variis
1164 1590 1439 1643 sententia
1466 1588 1629 1649 dietis

369 1673 480 1727 Pro
504 1674 705 1739 Turno,
733 1682 792 1729 et
814 1692 1076 1744 magnum
1101 1676 1326 1745 reginae
1349 1691 1554 1730 nomen
1583 1674 1906 1743 obumbrat;

368 1759 545 1815 Multa
567 1762 746 1816 virum
771 1763 980 1817 meritis
1002 1768 1278 1818 sustentat
1299 1764 1455 1818 fama
1478 1762 1737 1831 tropaeis.

439 1848 558 1901 Hos
581 1849 728 1903 inter
751 1855 949 1918 motus,
979 1850 1162 1904 medio
1184 1850 1244 1904 in
1267 1848 1537 1920 flagrante
1562 1851 1821 1917 tumultu,

366 1934 510 1989 Eeoe
535 1951 699 2004 super
725 1938 918 1990 maesti
942 1953 1144 2005 magna
1167 1936 1453 1992 Diomedis
1476 1939 1547 1993 ab
1572 1939 1710 1992 urbe

367 2019 558 2088 Legati
583 2038 845 2091 responsa
868 2023 1082 2077 ferunt:
1125 2024 1262 2077 nihil
1287 2024 1547 2079 omnibus
1572 2030 1751 2081 aetum

367 2106 668 2163 Tantorum
694 2110 956 2192 impensis
979 2127 1243 2180 operum3
1285 2111 1363 2164 nil
1388 2110 1538 2166 dona
1560 2128 1737 2182 neque
1760 2128 1955 2168 aurum

366 2194 486 2249 Neo
509 2212 738 2265 magnas
763 2196 996 2251 valuisse
1019 2209 1242 2267 preces;
1283 2198 1394 2253 alia
1418 2216 1571 2253 arma
1596 2200 1809 2254 Latinis

368 2280 710 2351 Quaerenda,
739 2292 836 2337 aut.
857 2301 1051 2353 paoem
1077 2284 1313 2339 Troiano
1337 2286 1410 2339 ab
1434 2300 1562 2355 rege
1589 2286 1905 2356 petendum.

363 2368 570 2423 Deficit
588 2369 805 2438 ingenti
815 2358 982 2424 ‘luetu
1007 2386 1102 2423 rex
1131 2371 1247 2440 ipse
1271 2369 1517 2427 Latinus.

365 2454 612 2509 Fatalem
637 2456 870 2510 Aenean
895 2458 1186 2511 manifesto
1210 2459 1437 2513 numine
1462 2460 1593 2514 ferri

366 2541 758 2597 Admonetira
772 2542 946 2597 -deum
969 2543 1276 2613 tumulique
1303 2550 1433 2599 ante
1458 2562 1557 2601 ora
1580 2553 1857 2603 recentes«

365 2626 513 2696 Ergo
538 2628 829 2683 ooneilium
855 2645 1118 2699 magnum
1143 2632 1461 2701 primosque
1486 2650 1711 2687 suorum

365 2712 610 2782 Imperio
635 2716 839 2771 accitos
864 2716 978 2771 alta
1001 2716 1150 2771 intra
1168 2716 1365 2773 limina
1389 2720 1555 2787 cogit.

368 2800 479 2855 Olli
503 2819 824 2871 convenere,
855 2803 1142 2873 fluuntque
1165 2804 1236 2858 ad
1263 2804 1413 2875 regia
1436 2807 1613 2875 plenis

365 2880 536 2937 Tecta
560 2883 682 2937 viis.
757 2883 927 2938 Sedet
951 2885 1012 2939 in
1035 2884 1234 2939 mediis
1259 2892 1316 2940 et
1340 2887 1612 2941 maximus
1633 2904 1772 2943 aevo

365 2968 439 3023 Et
465 2969 672 3037 primus
695 2971 940 3040 sceptris,
967 2971 1117 3026 haud
1133 2972 1282 3027 laeta
1305 2974 1509 3041 fronte,
1536 2973 1783 3029 Latinus.

367 3056 554 3125 Atque
579 3056 670 3110 hie
694 3056 908 3125 legatos
935 3058 1137 3113 Aetola
1161 3076 1230 3113 ex
1257 3061 1394 3114 urbe
1420 3061 1692 3131 remissos,

368 3139 520 3204 Quae
545 3142 804 3209 referant,
833 3142 937 3196 fari
964 3144 1132 3211 iubet,
1162 3149 1218 3197 et
1244 3160 1509 3213 responsa
1532 3146 1771 3213 reposcit

366 3227 574 3281 Ordine
599 3233 799 3282 cuneta
823 3246 940 3284 suo.
1014 3230 1154 3283 Tum
1182 3229 1334 3285 facta
1357 3231 1575 3286 silentia
1598 3231 1813 3301 linguis,

363 3313 439 3367 Et
465 3313 717 3368 Venulus
741 3316 890 3370 dicto
914 3333 1116 3385 parens
1139 3318 1218 3371 ita
1245 3318 1413 3371 farier
1438 3318 1593 3371 infit:

440 3402 468 3431 “
493 3400 762 3469 Vidimus,
793 3420 826 3455 o
851 3403 1014 3470 οἰνος,
1041 3402 1366 3456 Diomedem
1397 3405 1713 3473 Argivaque
1738 3409 1933 3471 castra,

369 3486 552 3556 Atque
576 3488 684 3543 iter
708 3488 914 3541 emensi
940 3504 1097 3543 casus
1119 3489 1503 3557 superavimus
1526 3490 1721 3557 omnis,

2308 552 2417 605 210

2306 986 2413 1039 215

2302 1418 2410 1491 περ

2300 1853 2407 1906 225

2300 2292 2409 2343 280

2299 2724 2406 2777 285

2298 3151 2408 3203 240
