2725 3892
977 209 1252 264 melu
1295 211 1628 264 nmmos
1672 211 1736 264 V.

344 368 672 442 Expediunt,
701 373 1020 444 fractosque
1041 373 1238 442 legunt
1259 374 1319 428 in
1343 373 1563 443 gurgite
1588 385 1789 428 remos.

341 459 420 513 At
441 459 620 514 laetus
645 457 969 514 Mnestheus
993 475 1356 530 successuque
1382 460 1563 516 serior
1586 460 1711 529 ipso

342 544 579 614 Agmine
603 561 886 600 remorum
912 545 1079 601 celeri
1103 546 1395 616 ventisque
1419 547 1643 601 vocatis·
1674 561 1681 566 ·

339 632 522 689 Prona
545 634 690 702 petit
711 633 886 688 maris
910 637 968 688 et
993 632 1188 702 pelago
1213 631 1461 688 decurrit
1484 637 1694 702 aperto.

340 719 530 786 Qualis
553 719 816 789 spelunca
841 719 1028 774 subito
1055 725 1334 774 commotu
1357 719 1631 788 columbe,

339 808 442 863 Cui
466 809 665 864 domus
687 813 746 863 et
769 807 959 863 dulces
982 807 1262 864 latebroso
1287 809 1342 862 in
1372 808 1590 878 pumice
1614 807 1747 878 nidi,

337 895 534 950 Fertur
557 897 618 950 in
643 912 776 950 srva
799 895 1006 960 volans,
1035 895 1403 964 plausumque
1429 896 1694 951 exterrita
1718 896 1919 965 pennis

335 982 447 1037 Dat
469 989 620 1037 tecto
645 983 942 1052 ingentem,
970 998 1104 1036 mox
1129 988 1256 1036 sere
1283 982 1439 1051 lapsa
1461 982 1649 1051 quiete

333 1068 504 1124 Radit
525 1069 635 1123 iter
657 1069 942 1138 liquidum,
971 1067 1165 1123 celeris
1187 1083 1371 1138 neque
1394 1074 1711 1124 commovet
1732 1069 1874 1125 alssz

335 1154 426 1210 Sic
449 1153 785 1223 Mnestheus,
813 1156 892 1210 sic
915 1155 1036 1224 ipsa
1055 1155 1190 1224 fuge
1215 1160 1366 1210 secat
1390 1153 1591 1209 ultima
1612 1154 1813 1212 Pristis

333 1241 608 1312 Aequore,
635 1241 888 1296 siciliam
915 1242 1026 1296 fert
1047 1242 1290 1310 impetus
1316 1241 1437 1310 ipse
1462 1241 1756 1298 volantem.

331 1327 406 1382 Et
427 1329 668 1397 primum
693 1329 752 1382 in
775 1328 1003 1397 scopulo
1026 1327 1330 1383 luctantem
1359 1327 1567 1382 deserit
1590 1327 1705 1383 slto

332 1415 650 1480 Sergestum
675 1415 1046 1484 brevibusque
1069 1415 1226 1470 vsdis
1251 1416 1570 1484 frustraque
1596 1419 1889 1470 vocantem

331 1500 560 1556 Auxilia
583 1507 640 1556 et
664 1501 854 1556 fractis
878 1501 1182 1556 discentem
1211 1516 1434 1556 currere
1458 1501 1642 1557 remis.

331 1587 468 1643 Inde
493 1589 656 1656 Gyan
679 1589 962 1658 ipsamque
987 1587 1200 1657 ingenti
1227 1587 1377 1643 mole
1402 1588 1747 1643 Chimaeram
1812 1603 1821 1610 ·

331 1673 734 1744 Consequitur:
775 1675 938 1743 cedit,
969 1675 1229 1744 quonism
1255 1675 1493 1744 spoliate
1516 1675 1781 1744 magistro
1806 1681 1909 1730 est.

331 1761 492 1816 Solus
514 1761 734 1830 iamque
755 1761 878 1830 ipso
903 1767 1156 1830 superest
1175 1762 1236 1815 in
1259 1761 1371 1816 fine
1396 1761 1731 1828 Cloanthum

331 1847 509 1914 Quem
532 1847 692 1917 petit,
720 1853 778 1902 et
800 1847 1028 1902 summis
1051 1848 1288 1902 adnixus
1312 1849 1525 1902 viribus
1548 1853 1725 1918 urget.

329 1935 466 1988 Tum
493 1951 630 1988 vero
653 1935 960 2002 ingeminat
983 1935 1205 2004 clsmor,
1232 1936 1527 2005 cunctique
1554 1940 1875 2004 sequentem

329 2021 604 2089 Instigsnt
627 2021 840 2090 studiis,
870 2027 1202 2090 resonatque
1227 2023 1541 2091 fragoribus
1568 2022 1778 2078 aether.

330 2107 404 2161 Hi
430 2108 716 2177 proprium
740 2108 908 2163 decus
931 2115 990 2162 et
1015 2115 1237 2177 partum
1263 2108 1625 2178 indignantur
1648 2109 1919 2164 honorem

331 2193 404 2248 Ni
430 2199 674 2263 teneant,
702 2196 984 2266 vitamque
1009 2195 1206 2250 volunt
1227 2211 1331 2265 pro
1355 2195 1517 2250 leude
1542 2194 1781 2265 pscisci;

329 2281 450 2337 Hos
473 2297 753 2338 successus
777 2283 904 2338 siit:
947 2288 1194 2352 possunt,
1225 2283 1354 2353 quis
1376 2299 1541 2353 posse
1564 2282 1839 2338 videntur.

329 2367 404 2424 Et
426 2369 548 2424 fors
571 2371 818 2439 aequetis
843 2370 1121 2440 cepissent
1145 2371 1393 2439 praemis
1417 2371 1628 2438 rostris,

331 2453 406 2509 Ni
427 2454 640 2524 palmas
663 2463 838 2524 ponto
863 2455 1095 2512 tendens
1119 2463 1381 2527 utresque
1406 2455 1713 2512 Cloanthus

329 2541 692 2612 Fudissetque
715 2558 924 2611 preces,
955 2542 1222 2613 divomue
1245 2544 1305 2598 in
1331 2549 1467 2598 vota
1490 2547 1775 2598 vocasset:

334 2629 370 2660 ‘⁶
385 2627 476 2697 Di,
505 2629 704 2698 quibus
726 2629 1020 2698 imperium
1045 2629 1228 2700 pelagi
1253 2635 1354 2697 est,
1384 2643 1621 2700 quorum
1644 2643 1887 2700 aequora
1906 2643 2089 2698 curro,

330 2713 508 2770 Vobis
530 2715 708 2770 laetus
733 2731 835 2784 ego
863 2715 968 2770 hoc
993 2716 1320 2772 candentem
1343 2717 1407 2772 in
1430 2716 1597 2771 litore
1618 2721 1840 2772 taurum

331 2801 678 2857 Constitusm
701 2807 832 2857 aute
853 2817 994 2870 srss,
1023 2804 1142 2858 voti
1166 2819 1308 2872 reus,
1339 2803 1773 2872 extaque-salso·
1800 2815 1807 2822 ·

327 2886 630 2942 Porricism
655 2887 712 2940 in
735 2886 936 2941 fluctus
959 2892 1017 2940 et
1041 2887 1174 2942 vius
1195 2887 1465 2956 liquentis
1484 2887 1769 2942 fundum.”

327 2973 504 3042 Dixit,
531 2989 766 3042 eumque
787 2973 918 3027 imis
941 2974 1044 3028 sub
1067 2973 1326 3028 fluctibus
1349 2974 1527 3028 audiit
1556 2974 1737 3027 omnis

329 3059 630 3114 Nereidum
656 3059 964 3129 Phorcique
989 3059 1191 3114 chorus
1214 3060 1582 3128 Panopeaque
1604 3059 1779 3128 virgo,

327 3144 402 3200 Et
423 3152 586 3215 puter
609 3147 730 3215 ipse
755 3163 922 3200 manu
949 3160 1152 3213 magns
1175 3145 1461 3200 Portunus
1484 3149 1711 3199 euntem

329 3231 585 3302 Impulit:
623 3232 724 3287 ius
747 3231 901 3287 Noto
927 3233 1090 3286 citius
1113 3231 1439 3301 volucrique
1461 3233 1669 3299 sagitta

329 3317 424 3372 Ad
443 3324 652 3374 terram
678 3318 839 3386 fugit,
869 3322 926 3372 et
949 3323 1118 3387 portu
1141 3335 1200 3372 se
1225 3317 1474 3373 condidit
1496 3317 1627 3373 ulto.

328 3403 467 3459 Tum
492 3410 644 3460 satus
669 3403 934 3470 Anchisa,
962 3404 1178 3459 cunctis
1201 3421 1274 3460 ex
1295 3419 1455 3458 more
1478 3403 1708 3472 vocetis,

331 3489 620 3546 Victorem
643 3505 846 3557 magus
868 3489 1162 3558 praeconis
1181 3505 1322 3543 voce
1347 3488 1685 3542 Cloanthum

2272 463 2381 518 210

2270 899 2377 952 215

2268 1333 2375 1386 220
