2725 3892
994 182 1269 235 VERGILI
1313 182 1645 233 AENEmos
1690 182 1751 235 X-

359 349 568 419 Stagna
590 348 736 403 viam
763 345 1033 415 scindens,
1063 360 1254 399 umero
1279 343 1657 413 supereminet
1683 344 1869 413 undas,

361 436 493 504 Aut,
523 434 750 489 summis
773 434 1022 487 referens
1045 448 1310 486 annosam
1337 430 1623 486 montibus
1648 448 1863 499 ornum,

359 521 787 590 Ingrediturque
811 518 930 573 solo
955 524 1012 573 et
1037 522 1204 587 caput
1227 518 1378 571 inter
1402 518 1597 571 nubila
1618 517 1841 572 condit:

359 608 504 663 Talis
528 624 587 661 se
612 608 784 661 vastis
809 606 983 659 infert
1007 604 1314 659 Mezentius
1339 606 1523 659 armis.

359 694 503 749 Huic
527 698 725 749 contra
747 693 980 757 Aeneas,
1008 691 1320 761 speculatus
1345 691 1403 744 in
1428 692 1649 759 agmine
1673 691 1856 760 longo,

360 782 573 837 Obvius
595 781 677 835 ire
705 784 878 853 parat,
951 778 1142 833 Manet
1165 778 1573 847 imperterritus
1597 778 1705 847 ille,

361 870 590 924 Hostem
615 867 1026 937 magnanimum
1055 866 1362 935 opperiens,
1391 872 1449 920 et
1470 858 1619 919 mole
1644 878 1741 921 sua
1766 871 1889 921 stat.

359 960 546 1027 Atque
571 954 744 1011 oculis
768 955 1004 1023 spatium
1033 950 1304 1021 emensus,
1335 960 1605 1021 quantum
1632 952 1765 1011 satis
1789 952 2013 1007 hastae:

363 1044 395 1071 “
415 1042 628 1096 Dextra
653 1040 789 1093 mihi
815 1040 950 1093 deus
975 1045 1032 1093 et
1057 1038 1244 1105 telum,
1276 1036 1425 1106 quod
1450 1036 1657 1091 missile
1682 1037 1841 1108 libro,

359 1128 522 1183 Nunc
549 1126 760 1183 adsint!
839 1126 1038 1181 Voveo
1063 1125 1360 1195 prandonis
1388 1142 1621 1203 corpore
1646 1127 1817 1196 raptis

281 1262 286 1271 .
358 1216 620 1270 Indutum
645 1214 832 1285 spoliis
856 1214 1034 1282 ipsum
1061 1218 1133 1279 te,
1163 1212 1353 1280 Lause,
1382 1217 1671 1281 tropaeum

363 1302 634 1357 Aeneae.”
707 1300 881 1369 Dixit,
911 1298 1346 1369 stridentemque
1374 1300 1591 1355 eminus
1612 1298 1827 1355 hastam

357 1390 524 1457 Iecit;
567 1393 624 1443 at
647 1388 744 1441 illa
766 1386 958 1441 volans
985 1386 1160 1454 clipeo
1189 1392 1276 1439 est
1301 1403 1544 1453 excussa,
1573 1388 1875 1457 proculque

355 1476 650 1545 Egregium
677 1475 932 1528 Antoren
955 1472 1101 1527 latus
1124 1473 1270 1527 inter
1293 1480 1350 1527 et
1374 1474 1472 1528 ilia
1492 1474 1627 1543 figit,

357 1562 610 1617 Herculis
635 1563 890 1617 Antoren
917 1562 1192 1629 comitem,
1223 1563 1324 1649 qui
1341 1562 1540 1616 missus
1562 1564 1633 1617 ab
1659 1562 1827 1629 Argis

357 1651 626 1705 Haeserat
649 1648 928 1717 Euandro,
957 1654 1122 1718 atque
1149 1648 1292 1704 Itala
1317 1650 1645 1703 consederat
1670 1650 1823 1703 urbe.

355 1737 632 1793 Sternitur
657 1736 846 1790 infelix
871 1734 1054 1789 alieno
1077 1736 1318 1801 volnere,
1350 1737 1675 1805 caelumque

355 1826 590 1894 Aspicit,
619 1829 676 1879 et
700 1822 876 1877 dulcis
900 1822 1144 1877 moriens
1167 1823 1539 1889 reminiscitur
1564 1824 1764 1892 Argos,

354 1906 496 1966 Tum
521 1913 645 1981 pius
671 1912 890 1965 Aeneas
915 1911 1128 1965 hastam
1152 1910 1314 1965 iacit:
1357 1910 1455 1965 illa
1478 1926 1578 1979 per
1602 1910 1789 1964 orbem

355 2002 503 2057 Aere
529 2019 722 2057 cavum
749 2002 968 2074 triplici,
1001 1998 1104 2071 per'
1123 2000 1269 2066 linea
1295 1982 1477 2067 terga,
1496 1992 1781 2066 tribusque

355 2090 596 2145 Transiit
619 2092 893 2145 intextum
919 2090 1092 2143 tauris
1117 2088 1283 2157 opuss
1299 2087 1519 2156 imaque
1544 2085 1689 2140 sedit

355 2177 615 2248 Inguin03
657 2178 754 2233 sed
778 2177 911 2231 viris
933 2176 1082 2231 haud
1107 2174 1352 2245 pertulit.
1432 2174 1601 2227 Ocius
1626 2190 1809 2227 ensem

356 2266 588 2331 Aeneas,
617 2266 736 2319 viso
762 2264 1036 2332 Tyrrheni
1063 2263 1324 2331 sanguine
1349 2262 1543 2327 laetus,

353 2350 538 2420 Eripit
561 2369 594 2405 a
619 2352 838 2419 femine,
867 2359 926 2405 et
951 2350 1250 2420 trepidanti
1281 2348 1527 2402 fervidus
1550 2348 1734 2401 inst-at.

355 2436 630 2507 Ingemuit
657 2440 768 2493 cari
794 2439 1038 2508 graviter
1061 2424 1326 2507 genitoris
1349 2443 1552 2501 amore,

355 2523 434 2577 Ut
459 2525 611 2594 vidit,
641 2524 862 2593 Lausus,
891 2524 1256 2596 lacrimaeque
1281 2537 1382 2593 per
1408 2538 1507 2575 ora
1532 2518 1765 2572 volutae.

252 2665 260 2674 ‚
354 2610 460 2665 liic
487 2613 681 2665 mortis
706 2611 878 2665 durae
903 2629 1088 2666 casum
1116 2618 1320 2679 tuaque
1346 2608 1555 2676 optima
1578 2606 1745 2671 faeta,

354 2697 413 2751 Si
437 2714 545 2767 qua
567 2698 734 2753 fidem
759 2704 916 2753 tanto
943 2703 1028 2752 est
1052 2698 1202 2767 operi
1231 2695 1415 2751 latura
1440 2698 1701 2769 vetustas,
1724 2720 1761 2757 ι,

353 2782 406 2838 N
412 2800 484 2838 on
509 2785 780 2855 equidem,
810 2800 910 2839 nec
935 2790 1007 2853 te,
1035 2776 1254 2837 iuvenis
1277 2778 1647 2846 memorande,
1676 2776 1866 2835 silebo.

353 2870 452 2925 Ille
475 2872 674 2941 pedem
701 2873 948 2927 referens
973 2878 1032 2925 et
1053 2870 1264 2925 inutilis
1291 2872 1457 2938 inque
1481 2867 1683 2936 ligatus

353 2958 615 3029 Oedebat,
645 2959 932 3029 clipeoque
957 2958 1236 3012 inimicum
1265 2954 1463 3009 hastile
1489 2952 1761 3007 trahebat.

352 3046 616 3116 Prorupit
640 3048 856 3101 iuvenis
879 3060 1106 3114 seseque
1129 3041 1430 3096 immiscuit
1456 3040 1639 3109 armis,

352 3132 577 3203 Iamque
601 3134 949 3203 adsurgentis
971 3130 1170 3185 dextra
1197 3128 1519 3197 plagamque
1542 3127 1777 3181 ferentis

351 3220 579 3274 Aeneae
605 3221 774 3274 subiit
795 3234 1133 3286 mucronem,
1161 3216 1453 3285 ipsumque
1476 3214 1745 3268 morando

351 3308 640 3361 Sustinuit.
717 3306 862 3362 Socii
887 3321 1087 3373 magno
1113 3304 1354 3359 clamore
1380 3310 1701 3372 sequuntur,

351 3392 496 3447 Dum
523 3393 740 3462 genitor
762 3392 881 3446 nati
907 3408 1096 3461 parma
1119 3396 1403 3460 protectus
1428 3390 1621 3455 abiret,

351 3478 588 3547 Telaque
613 3478 911 3547 coniciunt,
939 3478 1379 3548 proturbantque
1406 3477 1621 3537 eminus
1648 3472 1865 3542 hostem

2294 346 2399 401 765

2288 1215 2391 1272 775

2189 1616 2207 1629 “
2270 1650 2391 1707 ⁴780

2287 2085 2391 2140 785

2282 2523 2391 2576 790

2282 2954 2387 3010 795

2280 3388 2388 3442 800
