2725 3892
976 219 1252 270 VERGILI
1299 219 1629 270 AENEIDOS
1674 219 1765 270 111.

354 381 458 436 Hic
483 399 589 451 me,
616 381 746 436 dum
775 381 976 452 trepidi
1001 381 1246 436 crudelia
1269 380 1460 433 limina
1483 379 1757 448 linquunt,

352 467 708 524 Immemores
733 469 866 524 socii
891 473 1050 522 vasto
1077 466 1334 535 Cyclopis
1357 467 1416 520 in
1442 472 1602 521 antro

351 555 674 610 Deseruere.
749 554 963 609 Domus
987 543 1140 609 sanie
1165 553 1507 623 dapibusque
1532 552 1788 620 cruentis,

351 641 508 695 Intus
533 658 717 710 opaca,
745 643 956 710 ingens.
1030 641 1158 710 Ipse
1184 639 1405 709 arduus,
1435 639 1653 709 alt-aque
1678 641 1865 709 pulsat

351 728 703 798 Sidera—Di,
731 729 899 782 talem
923 728 1089 782 terris
1112 727 1348 781 avertite
1374 731 1584 794 pestem
1606 727 1695 778 2-

351 814 471 870 Nec
495 817 616 869 visu
641 817 821 870 facilis
845 831 945 870 nec
969 814 1120 869 dictu
1147 813 1405 868 adfabilis
1430 813 1545 868 ulli.

351 901 673 956 Visceribus
695 904 1018 956 miserorum
1047 905 1104 955 et
1129 901 1397 969 sanguine
1420 901 1660 954 vescitur
1684 907 1823 956 atro.

350 988 487 1043 Vidi
511 995 744 1058 egomet,
771 988 882 1043 duo
907 987 975 1041 de
999 1003 1232 1041 numero
1259 1003 1383 1040 cum
1410 1003 1645 1055 corpora
1666 993 1861 1042 nostro

351 1074 559 1131 Prensa
581 1093 750 1131 manu
774 1090 975 1144 magna
997 1075 1183 1128 medio
1207 1073 1499 1142 resupinus
1521 1074 1581 1126 in
1606 1079 1766 1128 antro

351 1162 652 1232 Frangeret
678 1163 748 1217 ad
773 1177 981 1230 saxum,
1013 1160 1270 1230 sanieque
1295 1175 1556 1229 exspersa
1576 1165 1836 1214 natarent

350 1249 596 1319 Limina;
636 1249 750 1304 vidi
776 1253 900 1303 atro
924 1262 1050 1302 cum
1075 1248 1326 1300 membra
1349 1245 1579 1300 fluentia
1603 1247 1734 1301 tabo

351 1335 656 1404 Mandereg
686 1341 742 1390 et
767 1334 943 1404 tepidi
969 1339 1271 1388 tremerent
1295 1333 1397 1388 sub
1422 1333 1681 1388 dentibus
1704 1341 1871 1388 artus.

350 1422 516 1476 Haud
539 1423 766 1492 impune
793 1421 1044 1490 quidem;
1087 1437 1190 1475 nec
1215 1420 1349 1475 talia
1371 1435 1563 1490 passus
1588 1419 1795 1490 Ulixes,

352 1509 638 1563 Oblitusve
663 1508 748 1562 sui
772 1513 858 1562 est
883 1507 1109 1561 Ithacus
1132 1507 1448 1562 discrimine
1472 1512 1647 1561 tanto·

351 1595 496 1650 Nam
521 1594 683 1650 simul
709 1594 960 1664 expletus
985 1593 1218 1661 dapibus
1243 1594 1483 1664 vinoque
1507 1592 1756 1663 sepultus

351 1682 636 1737 Oervicem
661 1681 923 1736 inflexam
945 1681 1146 1750 posuit,
1175 1681 1453 1750 iacuitque
1478 1696 1577 1751 per
1602 1686 1822 1735 antrum

349 1769 671 1837 Immensus,
700 1768 908 1823 saniem
933 1775 1191 1822 eructans
1213 1773 1273 1822 et
1296 1767 1471 1821 frusta
1494 1773 1725 1822 cruento

349 1855 459 1911 Per
483 1873 734 1910 somnum
761 1858 1060 1912 commixta
1081 1873 1252 1924 mero,
1281 1873 1401 1925 noa,
1429 1873 1631 1924 magna
1660 1857 1869 1925 precati

350 1941 597 1997 Numina
620 1944 914 2014 sortitique
938 1945 1102 2012 ,vices
1133 1960 1242 1998 una
1264 1943 1507 2013 undique
1534 1944 1739 1997 circum

349 2035 669 2105 Fundimur,
699 2041 755 2091 et
777 2036 891 2090 telo
913 2034 1102 2089 lumen
1127 2034 1473 2089 terebramus
1496 2039 1676 2099 acuto,

349 2120 564 2191 Ingens,
595 2123 742 2193 quod
766 2128 929 2176 torva
951 2121 1130 2176 solum
1157 2122 1258 2175 sub
1281 2121 1471 2175 fronte
1498 2119 1720 2186 latebat,

349 2209 596 2279 Argolici
621 2209 778 2278 clipei
805 2215 902 2264 aut
925 2209 1218 2264 Phoebeae
1241 2209 1512 2279 lampadis
1536 2210 1725 2272 instar,

347 2295 422 2350 Et
443 2297 666 2350 tandem
690 2296 820 2350 laeti
845 2297 1120 2352 sociorum
1147 2297 1463 2350 ulciscimur
1486 2296 1724 2348 umbras.

349 2381 458 2436 Sed
484 2383 675 2452 fugite,
705 2401 738 2437 ο
762 2383 964 2451 miseri,
992 2382 1182 2451 fugite,
1214 2389 1379 2450 atque
1406 2382 1474 2436 ab
1499 2381 1661 2434 litore
1688 2381 1877 2434 funem

349 2467 624 2538 Rumpite.

349 2554 493 2610 Nam
520 2556 695 2625 qualis
719 2563 1064 2626 quantusque
1089 2572 1227 2610 cavo
1251 2555 1625 2624 Polyphemus
1648 2555 1705 2607 in
1731 2560 1893 2608 antro

349 2642 642 2712 Lanigeras
667 2643 872 2698 claudit
894 2643 1135 2712 pecudes
1159 2646 1322 2710 atque
1347 2643 1519 2695 ubera
1542 2646 1771 2710 pressat,

350 2729 586 2784 Centum
611 2729 703 2784 alii
729 2747 898 2784 curva
920 2729 1058 2784 haec
1081 2728 1337 2784 habitant
1360 2728 1431 2781 ad
1454 2727 1622 2782 litora
1646 2726 1809 2795 volgo

349 2814 573 2868 Infandi
597 2814 868 2884 Cyclopes
893 2821 950 2871 et
971 2813 1098 2869 altis
1119 2813 1407 2866 montibus
1432 2817 1633 2867 errant.

349 2899 535 2956 Tertia
557 2902 668 2956 iam
692 2901 880 2956 Lunae
905 2918 963 2956 se
987 2917 1195 2955 cornua
1217 2899 1427 2954 lumine
1452 2899 1747 2969 complent,

349 2987 488 3044 Cum
515 2990 688 3044 vitam
713 2989 770 3042 in
795 2987 948 3042 silvis
973 2987 1118 3042 inter
1141 2987 1362 3042 deserta
1386 2986 1627 3042 ferarum

349 3075 550 3131 Lustra
570 3076 876 3143 domosque
896 3073 1078 3142 trah0,
1108 3078 1406 3142 vastosque
1431 3073 1499 3128 ab
1524 3089 1662 3142 rupe
1690 3071 1963 3142 Cyclopas

349 3161 646 3230 Prospicio,
674 3161 1024 3229 sonitumque
1047 3159 1246 3229 pedum
1279 3177 1577 3228 vocemque
1601 3164 1891 3213 tremesco·

349 3247 578 3301 Victum
603 3247 896 3314 infelicem,
925 3245 1092 3300 bacas
1115 3245 1469 3314 lapidosaque
1494 3263 1677 3311 corna,

348 3333 500 3388 Dant
523 3334 678 3400 rami,
707 3337 764 3386 et
786 3332 955 3386 vulsis
979 3339 1215 3402 pascunt
1240 3332 1519 3386 radicibus
1542 3332 1763 3386 herbae.

349 3421 552 3474 Omnia
575 3420 936 3490 conlustrans,
963 3420 1110 3475 hanc
1133 3419 1370 3488 primum
1397 3419 1465 3472 ad
1491 3416 1655 3471 litora
1678 3416 1903 3470 classem

350 3505 626 3574 Conspexi
652 3505 984 3562 venientem.
1061 3505 1208 3560 Huic
1230 3521 1335 3572 me,
1365 3518 1741 3575 quaecumque
1762 3501 1975 3568 fuisset,

2286 731 2391 782 620

2286 1163 2388 1215 625

2284 1596 2387 1650 680

2280 2032 2383 2084 685

2280 2467 2385 2518 640

2282 2901 2385 2954 645

2280 3329 2383 3382 650
