2725 3892
956 226 1232 279 vanc-'1111
1275 224 1655 278 GEORGIOON
1700 226 1739 278 1.

333 390 618 461 Exercete‚
646 389 770 460 viri,
798 394 998 459 tauros,
1029 389 1194 444 serite
1218 388 1430 443 hordea
1454 388 1675 457 campis,

333 479 522 550 Usque
547 480 648 533 sub
675 482 984 533 extremum
1009 477 1238 531 brumae
1261 474 1627 531 intractabilis
1648 474 1917 543 imbrem3

335 564 454 620 Nec
477 582 592 620 non
618 571 676 619 et
697 564 800 618 lini
825 568 1063 631 segetem
1089 568 1148 618 et
1172 562 1401 617 Cereale
1424 578 1665 631 papaver

333 653 572 723 Tempus
594 652 767 705 humo
790 656 992 719 tegere,
1021 660 1078 705 et
1101 648 1421 704 iamdudum
1444 649 1761 703 incumbere
1786 648 1999 717 aratris,

333 738 480 792 Dum
507 738 652 792 sicca
675 738 872 791 tellure
895 736 1039 805 licet,
1067 736 1200 790 dum
1227 734 1419 790 nubila
1438 734 1697 804 pendent.

337 825 488 880 Vere
509 825 656 879 fabis
679 824 850 890 satim
889 828 1007 877 tum
1033 828 1090 877 te
1115 838 1348 892 quoque,
1378 820 1607 887 Medica,
1634 826 1827 889 putres
1876 835 1883 845 ¹
1988 834 1995 841 ·

335 911 634 981 Accipiunt
657 910 812 979 sulci,
839 916 900 964 et
921 910 1074 963 milio
1100 910 1254 963 venit
1277 924 1461 962 annua
1485 924 1633 975 cura,

336 996 620 1052 Candidus
642 996 849 1052 auratis
873 996 1052 1066 aperit
1075 1012 1199 1050 cum
1225 994 1487 1049 cornibus
1510 1010 1717 1049 annum

335 1083 560 1152 Taurus,
589 1090 647 1137 et
669 1082 904 1139 adverso
929 1082 1130 1137 cedens
1155 1081 1320 1162 Oanis
1345 1080 1557 1135 occidit·
1570 1088 1743 1138 astro.

339 1172 418 1225 At
439 1172 486 1226 si
511 1166 793 1226 triticeam
807 1172 866 1225 in
891 1186 1124 1224 messem
1149 1169 1485 1236 robustaque
1508 1168 1661 1223 farra

337 1258 633 1313 Exercebis
656 1257 884 1311 humum
909 1256 1148 1325 solisque
1169 1254 1405 1310 instabis
1430 1254 1627 1323 aristis,
1740 1272 1745 1277 ·

339 1346 497 1400 Ante
513 1328 790 1400 tibiaessohe
815 1297 1130 1398 Atlantides
1153 1341 1563 1397 abscondantur
1668 1378 1675 1385 -

337 1432 644 1505 Cnosiaque
668 1430 911 1485 ardentis
933 1429 1168 1485 decedat
1193 1428 1350 1484 stella
1376 1429 1643 1495 Coronae,

339 1520 538 1575 Debita
564 1534 726 1588 quam
751 1518 919 1573 sulcis
941 1516 1256 1572 committas
1279 1516 1505 1584 semina,
1534 1532 1807 1587 quamque

337 1606 552 1661 Invitae
574 1621 838 1677 properes
861 1604 987 1661 anni
1014 1620 1170 1685 spem
1193 1604 1419 1658 credere
1442 1608 1641 1659 terrae.

337 1693 496 1749 Multi
525 1699 652 1749 ante
677 1708 932 1748 occasum
958 1692 1138 1747 Maiae
1160 1708 1423 1763 coepere;
1464 1692 1561 1747 sed
1589 1691 1713 1747 illos

336 1780 670 1851 Exspectata
691 1798 848 1850 seges
867 1782 1028 1836 vanis
1049 1780 1216 1835 elusit
1239 1779 1437 1834 aristis.

336 1868 395 1922 si
421 1886 554 1925 vero
577 1870 880 1941 viciamque
903 1886 1054 1925 seres
1075 1864 1350 1939 vilemque
1380 1868 1665 1939 phaselum

337 1954 454 2011 Nec
479 1956 794 2012 Pelusiacae
817 1972 1006 2011 curam
1029 1958 1399 2025 aspernabere
1422 1956 1603 2023 lentis,

337 2040 498 2097 Haud
525 2044 760 2098 obscura
782 2042 985 2098 cadens
1009 2045 1198 2097 mittet
1219 2042 1324 2097 tibi
1349 2043 1505 2111 signa
1527 2034 1762 2096 Bootes:

335 2127 545 2198 Incipe,
575 2134 632 2183 et
655 2128 722 2183 ad
749 2128 956 2185 medias
979 2134 1282 2183 sementem
1307 2128 1545 2183 extende
1570 2129 1806 2197 pruinas.

405 2214 624 2271 Idcirco
649 2218 814 2271 certis
839 2217 1148 2271 dimensum
1175 2216 1433 2285 partibus
1456 2214 1647 2270 orbem

335 2300 444 2357 Per
467 2302 724 2358 duodena
745 2303 888 2372 regit
913 2303 1106 2357 mundi
1133 2302 1228 2357 Sol
1253 2316 1453 2357 aureus
1476 2310 1639 2357 astra.

337 2388 594 2459 Quinque
614 2394 812 2444 tenent
835 2389 1048 2444 caelum
1075 2404 1276 2445 zenae:
1315 2404 1549 2459 quarum
1576 2404 1687 2444 una
1710 2404 1939 2445 corusco

335 2474 564 2545 Semper
587 2476 703 2531 sole
727 2476 931 2531 rubens
954 2481 1012 2531 et
1037 2476 1250 2531 torrida
1272 2492 1490 2546 semper
1514 2476 1585 2531 ab
1608 2477 1755 2545 igni3

337 2561 514 2627 Quam
542 2562 746 2617 circum
772 2568 1054 2619 extremae
1080 2563 1278 2618 dextra
1305 2554 1573 2633 laevaque
1596 2562 1893 2625 trahuntur

341 2648 652 2717 Caeruleus,
680 2646 856 2717 glacie
881 2654 1168 2704 concretae
1193 2654 1358 2719 atque
1382 2650 1649 2705 imbribus
1672 2651 1839 2721 atris3

339 2736 454 2791 Has
475 2736 622 2789 inter
647 2734 988 2803 mediamque
1013 2734 1152 2789 duae
1175 2736 1503 2791 mortalibus
1524 2737 1701 2805 aegris

335 2816 564 2873 Munere
583 2834 876 2875 concessae
899 2818 1104 2889 divom,
1133 2828 1191 2875 et
1215 2821 1304 2875 via
1328 2826 1481 2876 secta
1502 2838 1603 2891 per
1624 2823 1827 2891 ambas,

336 2903 606 2974 Obliquus
629 2923 736 2975 qua
761 2922 820 2960 se
845 2906 1124 2975 signorum
1149 2912 1393 2962 verteret
1416 2907 1573 2963 ordo.

333 2990 590 3061 Mundus,
616 2997 682 3045 ut
705 2992 776 3047 ad
800 2992 1088 3061 Scythiam
1113 2994 1502 3063 Riphaeasque
1528 2994 1733 3050 arduus
1756 3010 1912 3051 arces

335 3076 649 3147 Consurgit,
675 3078 950 3147 premitur
971 3078 1178 3147 Libyae
1203 3080 1448 3134 devexus
1468 3081 1529 3135 in
1554 3086 1789 3137 austros.

333 3163 444 3219 Hic
467 3172 664 3219 vertex
689 3166 850 3220 nobis
873 3181 1090 3235 semper
1115 3166 1391 3234 sublimis3
1432 3173 1491 3222 at
1514 3167 1670 3222 illum

333 3254 450 3308 Sub
473 3254 710 3323 pedibus
731 3254 872 3322 Styx
897 3259 1020 3308 atra
1043 3254 1195 3309 videt
1219 3254 1514 3325 Manesque
1536 3256 1819 3325 profundi.

333 3338 610 3395 Maximus
631 3340 724 3393 hic
749 3340 898 3395 flexu
923 3341 1144 3395 sinuoso
1177 3341 1413 3395 elabitur
1440 3342 1657 3410 Anguis

333 3426 557 3481 Circum
581 3442 791 3496 perque
813 3426 952 3481 duas
971 3426 1032 3480 in
1055 3436 1272 3483 morem
1295 3426 1537 3481 fluminis
1562 3430 1781 3495 Arctos,

333 3512 544 3567 Arctos
567 3511 778 3567 Oceani
801 3512 1104 3577 metuentis
1125 3528 1366 3627 aequ-ore
1392 3513 1549 3580 tingi.

2264 388 2371 443 210

2264 824 2370 875 215

2266 1258 2373 1309 22⁰

2265 2128 2373 2181 230

2265 2562 2371 2615 235

2243 3053 2249 3061 ,
2268 2994 2375 3048 240
