2725 3892
983 169 1258 220 VERGILI
1301 171 1632 222 AENmDos
1675 170 1817 222 vm.

379 331 624 386 Pellibus
646 331 706 385 iu
731 346 940 386 morem
965 329 1148 396 cincti,
1178 330 1535 400 flammasque
1558 331 1828 386 ferebant.

379 417 700 472 Instaurant
723 417 928 486 epulas,
957 420 1016 470 et
1039 401 1262 470 mensae
1285 420 1447 485 grata
1470 417 1745 472 secundae

377 502 544 558 Dona
565 504 771 572 ferunt,
801 502 1188 570 cumulantque
1213 503 1457 558 oneratis
1480 502 1729 556 lancibus
1752 519 1891 558 aras.

379 589 518 642 Tum
544 589 678 644 Salii
702 588 772 643 ad
797 593 992 643 cantus
1017 587 1244 645 incensa
1269 589 1467 643 altaria
1492 590 1699 644 circum

378 673 638 742 Populeis
661 673 864 728 adsunt
887 672 1094 727 evincti
1117 677 1373 742 tempora
1394 673 1579 740 ramis,

379 761 487 816 Hic
510 761 771 815 iuvenum
797 760 1015 828 chorus,
1045 759 1138 814 ille
1164 776 1389 828 senum3
1433 760 1527 830 qui
1552 759 1797 816 carmine
1820 759 2007 818 laudes

379 847 680 903 Herculeas
703 852 760 902 et
790 848 942 901 facta
964 847 1184 900 ferunt:
1227 851 1290 901 ut
1314 845 1497 916 prima
1517 863 1793 904 novercae

379 932 628 988 Monstra
650 950 817 988 manu
841 933 1198 1002 geminosque
1223 924 1485 1000 premens
1510 933 1720 989 eliserit
1742 935 1965 1004 anguis;

383 1019 458 1074 Ut
481 1019 627 1074 bello
651 1020 900 1089 egregias
921 1019 1070 1073 idem
1097 1018 1379 1074 disiecerit
1402 1020 1581 1089 urbes,

378 1105 707 1176 Troiamque
734 1104 1167 1175 Oechaliamque
1187 1124 1202 1174 3
1243 1111 1308 1160 ut
1331 1106 1502 1161 duros
1522 1107 1675 1162 mille
1698 1107 1911 1164 labores

378 1193 531 1262 Rege
553 1194 655 1247 sub
680 1190 1009 1260 Eurystheo,
1037 1192 1166 1246 fatis
1187 1192 1415 1248 Iunonis
1436 1195 1673 1264 iniquae,

379 1279 696 1335 Pertulerit.
773 1280 807 1308 ‘⁴
823 1272 906 1332 Tu
929 1279 1249 1348 nubigenas,
1275 1279 1497 1350 invicte,
1526 1281 1859 1349 bimembris,

381 1366 762 1436 Hylaeumque
784 1364 1147 1435 Pholumque,
1173 1383 1359 1435 manu,
1382 1373 1451 1422 tu
1476 1368 1668 1424 Cresia
1686 1375 1899 1422 mactas

378 1453 638 1524 Prodigia
660 1461 718 1509 et
741 1459 960 1510 vastum
983 1455 1228 1511 Nemeae
1251 1457 1352 1510 sub
1382 1471 1519 1524 rupe
1542 1455 1777 1514 leonem.

379 1538 456 1596 Te
479 1541 656 1610 Stygii
682 1547 960 1597 tremuere
985 1541 1152 1610 lacus,
1183 1549 1240 1596 te
1265 1541 1468 1596 ianitor
1494 1541 1625 1596 Orci

380 1626 518 1682 Ossa
541 1645 706 1698 super
729 1629 1000 1683 recubans
1024 1613 1186 1683 antro
1207 1645 1421 1684 semesa
1442 1633 1671 1684 cruento
1690 1648 1705 1696 ς

382 1713 500 1770 Nec
525 1721 581 1769 te
603 1715 747 1769 ullae
771 1715 958 1784 facies,
993 1732 1104 1770 non
1131 1717 1330 1770 terruit
1353 1717 1473 1786 ipse
1498 1715 1809 1784 Typhoeus,

380 1801 606 1856 Arduus
629 1817 784 1856 arma
807 1807 1028 1872 tenens3
1067 1819 1182 1856 non
1205 1809 1262 1860 te
1285 1803 1517 1860 rationis
1540 1808 1793 1870 egentem

379 1889 656 1945 Lernaeus
680 1875 846 1944 turba
869 1890 1110 1960 capitum
1139 1890 1503 1944 circumstetit
1526 1890 1738 1957 anguis.

379 1975 554 2044 Salve,
583 1993 718 2032 vera
739 1974 890 2032 Iovis
909 1977 1110 2046 proles,
1139 1975 1306 2030 decus
1329 1975 1515 2030 addite
1538 1975 1698 2042 divis,

379 2061 454 2116 Et
475 2079 576 2118 nos
599 2068 656 2118 et
679 2067 778 2118 tua
799 2063 995 2118 dexter
1019 2063 1110 2116 adi
1136 2061 1275 2132 pede
1300 2078 1455 2116 saera
1478 2061 1776 2116 secundo.''

380 2147 534 2203 Talia
558 2151 895 2205 carminibus
922 2135 1236 2216 celebrant3
1279 2165 1444 2217 super
1468 2149 1657 2202 omnia
1682 2147 1814 2201 Caci

380 2233 708 2304 Speluncam
733 2237 992 2304 adiciunt,
1022 2235 1433 2304 spirantemque
1456 2233 1676 2302 ignibus
1698 2233 1897 2302 ipsum.

382 2319 667 2376 Consonat
691 2339 854 2377 omne
878 2339 1074 2378 nemus
1099 2321 1349 2390 strepitu,
1378 2320 1653 2389 collesque
1676 2319 1963 2374 resultant.

450 2407 594 2464 Exin
617 2425 676 2464 se
701 2410 885 2464 cuncti
911 2408 1116 2465 divinis
1137 2408 1304 2464 rebus
1326 2407 1397 2462 ad
1422 2407 1613 2461 urbem

379 2493 648 2552 Perfectis
671 2497 935 2552 referunt.
1013 2495 1140 2552 Ibat
1164 2512 1264 2551 rex
1290 2496 1503 2550 obsitus
1526 2510 1681 2562 aevo,

378 2581 452 2637 Et
475 2584 736 2638 comitem
763 2584 990 2638 Aenean
1015 2583 1168 2640 iuxta
1195 2589 1497 2652 natumque
1520 2581 1747 2636 tenebat

380 2667 718 2739 Ingrediens,
746 2670 1008 2740 varioque
1030 2670 1178 2726 viam
1204 2685 1457 2726 sermone
1481 2668 1716 2726 levabat.

379 2755 615 2812 Miratur
637 2756 922 2828 facilisque
945 2757 1135 2812 oculos
1157 2757 1266 2812 fert
1291 2757 1480 2811 omnia
1502 2757 1710 2810 circum

379 2841 615 2912 Aeneas,
642 2844 968 2913 capiturque
989 2842 1141 2910 locis,
1169 2849 1226 2897 et
1251 2842 1466 2910 singula
1489 2842 1667 2898 laetus

379 2925 746 3000 Exquiritque
769 2929 1032 2998 auditque
1056 2929 1238 2982 virum
1273 2934 1631 2984 monumenta
1655 2930 1920 2999 priorum.

381 3015 516 3069 Tum
544 3033 642 3070 rex
665 3015 959 3070 Euandrus
981 3015 1266 3070 Romanae
1289 3016 1546 3070 conditor
1568 3017 1739 3070 arcis:

383 3105 418 3132 “
435 3101 588 3156 Haec
611 3119 844 3158 nemora
863 3102 1156 3171 indigenae
1179 3101 1356 3156 Fau'ni
1382 3101 1785 3172 Nymphaeque
1807 3104 2089 3169 tenebant,

381 3187 638 3258 Gensque
663 3189 842 3242 virum
869 3187 1080 3242 truncis
1103 3193 1160 3242 et
1183 3187 1324 3242 duro
1347 3189 1548 3244 robore
1570 3194 1717 3257 nata,

383 3273 520 3339 Quis
542 3290 722 3343 neque
745 3291 865 3328 mos
889 3291 1066 3343 neque
1091 3273 1272 3328 cultus
1297 3281 1432 3344 erat,
1454 3291 1557 3328 nec
1582 3275 1809 3344 iungere
1834 3281 2039 3340 tauros,

381 3361 502 3414 Aut
526 3377 858 3430 componere
883 3377 1015 3430 opes
1037 3372 1254 3428 norant,
1284 3367 1381 3416 aut
1404 3377 1631 3430 parcere
1656 3365 1836 3430 parte,

383 3447 494 3503 Sed
514 3449 656 3504 rami
682 3451 846 3516 atque
873 3463 1034 3516 asper
1057 3447 1208 3502 victu
1236 3455 1463 3500 venatus
1488 3447 1687 3502 alebat.

2306 593 2409 644 285

2304 1026 2409 1078 290

2305 1458 2408 1509 295

2306 1892 2409 1942 300

2306 2759 2410 2810 810

2310 3190 2410 3239 315
