<?xml version="1.0" encoding="UTF-8"?>
<!DOCTYPE html PUBLIC "-//W3C//DTD XHTML 1.0 Transitional//EN"
    "http://www.w3.org/TR/xhtml1/DTD/xhtml1-transitional.dtd">
<html xmlns="http://www.w3.org/1999/xhtml" xml:lang="en" lang="en">
 <head>
  <title>
</title>
<meta http-equiv="Content-Type" content="text/html;charset=utf-8" />
  <meta name='ocr-system' content='tesseract 3.04.00' />
  <meta name='ocr-capabilities' content='ocr_page ocr_carea ocr_par ocr_line ocrx_word'/>
</head>
<body>
  <div class='ocr_page' id='page_1' title='image "arevisedtextpoe01virggoog_0137.png"; bbox 0 0 2725 3892; ppageno 0'>
   <div class='ocr_carea' id='block_1_1' title="bbox 706 189 1680 312">
    <p class='ocr_par' dir='ltr' id='par_1_1' title="bbox 706 189 1680 312">
     <span class='ocr_line' id='line_1_1' title="bbox 706 189 1680 312; baseline -0.002 -46"><span class='ocrx_word' id='word_1_1' title='bbox 706 241 798 312; x_wconf 38' lang='grc' dir='ltr'><em>Γ</em></span> <span class='ocrx_word' id='word_1_2' title='bbox 835 225 852 250; x_wconf 61' lang='grc'>»-</span> <span class='ocrx_word' id='word_1_3' title='bbox 892 189 911 223; x_wconf 90' lang='lat'><em>‘</em></span> <span class='ocrx_word' id='word_1_4' title='bbox 952 213 1223 266; x_wconf 69' lang='lat' dir='ltr'>vanem</span> <span class='ocrx_word' id='word_1_5' title='bbox 1266 213 1596 264; x_wconf 57' lang='lat' dir='ltr'>ammos</span> <span class='ocrx_word' id='word_1_6' title='bbox 1640 213 1680 265; x_wconf 91' lang='lat'>1.</span> 
     </span>
    </p>
   </div>
   <div class='ocr_carea' id='block_1_2' title="bbox 294 374 1809 2002">
    <p class='ocr_par' dir='ltr' id='par_1_2' title="bbox 294 374 1809 2002">
     <span class='ocr_line' id='line_1_2' title="bbox 368 374 1700 432; baseline -0.002 0"><span class='ocrx_word' id='word_1_7' title='bbox 368 375 471 432; x_wconf 82' lang='lat' dir='ltr'>His</span> <span class='ocrx_word' id='word_1_8' title='bbox 494 377 741 432; x_wconf 89' lang='lat' dir='ltr'>animum</span> <span class='ocrx_word' id='word_1_9' title='bbox 766 375 967 430; x_wconf 79' lang='lat' dir='ltr'><strong>arrecti</strong></span> <span class='ocrx_word' id='word_1_10' title='bbox 994 375 1155 430; x_wconf 84' lang='lat' dir='ltr'>dietis</span> <span class='ocrx_word' id='word_1_11' title='bbox 1180 381 1237 430; x_wconf 85' lang='lat' dir='ltr'>et</span> <span class='ocrx_word' id='word_1_12' title='bbox 1263 374 1429 430; x_wconf 76' lang='lat' dir='ltr'>fortis</span> <span class='ocrx_word' id='word_1_13' title='bbox 1458 375 1700 430; x_wconf 80' lang='lat' dir='ltr'>Achates</span> 
     </span>
     <span class='ocr_line' id='line_1_3' title="bbox 300 461 1686 534; baseline -0.001 -16"><span class='ocrx_word' id='word_1_14' title='bbox 300 462 371 518; x_wconf 84' lang='lat' dir='ltr'>Et</span> <span class='ocrx_word' id='word_1_15' title='bbox 394 469 554 534; x_wconf 87' lang='lat' dir='ltr'>pater</span> <span class='ocrx_word' id='word_1_16' title='bbox 577 462 796 518; x_wconf 78' lang='lat' dir='ltr'>Aeneas</span> <span class='ocrx_word' id='word_1_17' title='bbox 820 462 1142 518; x_wconf 87' lang='lat' dir='ltr'>iamdudum</span> <span class='ocrx_word' id='word_1_18' title='bbox 1167 477 1457 531; x_wconf 80' lang='lat' dir='ltr'>erumpere</span> <span class='ocrx_word' id='word_1_19' title='bbox 1483 461 1686 516; x_wconf 89' lang='lat' dir='ltr'>nubem</span> 
     </span>
     <span class='ocr_line' id='line_1_4' title="bbox 300 547 1732 618; baseline -0.001 -14"><span class='ocrx_word' id='word_1_20' title='bbox 300 549 604 605; x_wconf 74' lang='lat' dir='ltr'>Ardebant.</span> <span class='ocrx_word' id='word_1_21' title='bbox 678 548 841 603; x_wconf 90' lang='lat' dir='ltr'>Prior</span> <span class='ocrx_word' id='word_1_22' title='bbox 867 548 1099 603; x_wconf 77' lang='lat' dir='ltr'>Aenean</span> <span class='ocrx_word' id='word_1_23' title='bbox 1126 547 1424 618; x_wconf 79' lang='lat' dir='ltr'>compellat</span> <span class='ocrx_word' id='word_1_24' title='bbox 1456 549 1732 604; x_wconf 63' lang='lat' dir='ltr'>Achatem</span> 
     </span>
     <span class='ocr_line' id='line_1_5' title="bbox 301 633 1735 706; baseline -0.001 -16"><span class='ocrx_word' id='word_1_25' title='bbox 301 639 335 666; x_wconf 85' lang='lat'>“</span> <span class='ocrx_word' id='word_1_26' title='bbox 351 635 495 690; x_wconf 87' lang='lat' dir='ltr'>Nate</span> <span class='ocrx_word' id='word_1_27' title='bbox 518 635 637 704; x_wconf 69' lang='lat' dir='ltr'>dea,</span> <span class='ocrx_word' id='word_1_28' title='bbox 666 651 807 706; x_wconf 89' lang='lat' dir='ltr'>quae</span> <span class='ocrx_word' id='word_1_29' title='bbox 832 651 979 690; x_wconf 85' lang='lat' dir='ltr'>nuno</span> <span class='ocrx_word' id='word_1_30' title='bbox 1004 635 1188 690; x_wconf 86' lang='lat' dir='ltr'>animo</span> <span class='ocrx_word' id='word_1_31' title='bbox 1216 635 1494 689; x_wconf 84' lang='lat' dir='ltr'>sententia</span> <span class='ocrx_word' id='word_1_32' title='bbox 1519 633 1735 704; x_wconf 58' lang='lat' dir='ltr'>surgit?</span> 
     </span>
     <span class='ocr_line' id='line_1_6' title="bbox 298 721 1698 792; baseline -0.001 -16"><span class='ocrx_word' id='word_1_33' title='bbox 298 723 501 778; x_wconf 83' lang='lat' dir='ltr'>Omnia</span> <span class='ocrx_word' id='word_1_34' title='bbox 523 727 647 777; x_wconf 88' lang='lat' dir='ltr'>tuta</span> <span class='ocrx_word' id='word_1_35' title='bbox 668 721 839 788; x_wconf 80' lang='lat' dir='ltr'>vides,</span> <span class='ocrx_word' id='word_1_36' title='bbox 868 721 1092 776; x_wconf 80' lang='lat' dir='ltr'>classem</span> <span class='ocrx_word' id='word_1_37' title='bbox 1120 723 1403 792; x_wconf 85' lang='lat' dir='ltr'>sociosque</span> <span class='ocrx_word' id='word_1_38' title='bbox 1427 727 1698 791; x_wconf 83' lang='lat' dir='ltr'>receptos.</span> 
     </span>
     <span class='ocr_line' id='line_1_7' title="bbox 300 807 1722 878; baseline -0.003 -14"><span class='ocrx_word' id='word_1_39' title='bbox 300 808 453 864; x_wconf 83' lang='lat' dir='ltr'>Unus</span> <span class='ocrx_word' id='word_1_40' title='bbox 478 808 647 878; x_wconf 81' lang='lat' dir='ltr'>abest,</span> <span class='ocrx_word' id='word_1_41' title='bbox 675 807 857 863; x_wconf 83' lang='lat' dir='ltr'>medio</span> <span class='ocrx_word' id='word_1_42' title='bbox 882 809 937 861; x_wconf 91' lang='lat' dir='ltr'>in</span> <span class='ocrx_word' id='word_1_43' title='bbox 966 807 1137 862; x_wconf 80' lang='lat' dir='ltr'>fluctu</span> <span class='ocrx_word' id='word_1_44' title='bbox 1168 823 1331 877; x_wconf 89' lang='lat' dir='ltr'>quem</span> <span class='ocrx_word' id='word_1_45' title='bbox 1356 808 1594 862; x_wconf 80' lang='lat' dir='ltr'>vidimus</span> <span class='ocrx_word' id='word_1_46' title='bbox 1617 807 1722 876; x_wconf 88' lang='lat' dir='ltr'>ipsi</span> 
     </span>
     <span class='ocr_line' id='line_1_8' title="bbox 297 891 1728 962; baseline -0.001 -14"><span class='ocrx_word' id='word_1_47' title='bbox 297 894 681 958; x_wconf 76' lang='lat' dir='ltr'>Submersum3</span> <span class='ocrx_word' id='word_1_48' title='bbox 720 891 886 948; x_wconf 83' lang='lat' dir='ltr'>dietis</span> <span class='ocrx_word' id='word_1_49' title='bbox 910 891 1248 962; x_wconf 86' lang='lat' dir='ltr'>respondent</span> <span class='ocrx_word' id='word_1_50' title='bbox 1273 897 1458 946; x_wconf 86' lang='lat' dir='ltr'>cetera</span> <span class='ocrx_word' id='word_1_51' title='bbox 1481 891 1728 947; x_wconf 84' lang='lat' dir='ltr'>matris.”</span> 
     </span>
     <span class='ocr_line' id='line_1_9' title="bbox 299 977 1596 1050; baseline 0 -18"><span class='ocrx_word' id='word_1_52' title='bbox 299 977 411 1033; x_wconf 82' lang='lat' dir='ltr'>Vix</span> <span class='ocrx_word' id='word_1_53' title='bbox 436 997 501 1034; x_wconf 89' lang='lat' dir='ltr'>ea</span> <span class='ocrx_word' id='word_1_54' title='bbox 522 981 673 1034; x_wconf 80' lang='lat' dir='ltr'>fatus</span> <span class='ocrx_word' id='word_1_55' title='bbox 697 983 833 1050; x_wconf 82' lang='lat' dir='ltr'>erat,</span> <span class='ocrx_word' id='word_1_56' title='bbox 860 995 986 1034; x_wconf 84' lang='lat' dir='ltr'>oum</span> <span class='ocrx_word' id='word_1_57' title='bbox 1014 977 1345 1034; x_wconf 79' lang='lat' dir='ltr'>circumfusa</span> <span class='ocrx_word' id='word_1_58' title='bbox 1369 985 1596 1046; x_wconf 89' lang='lat' dir='ltr'>repente</span> 
     </span>
     <span class='ocr_line' id='line_1_10' title="bbox 298 1065 1728 1135; baseline -0.001 -14"><span class='ocrx_word' id='word_1_59' title='bbox 298 1065 511 1121; x_wconf 81' lang='lat' dir='ltr'>Scindit</span> <span class='ocrx_word' id='word_1_60' title='bbox 533 1082 591 1120; x_wconf 87' lang='lat' dir='ltr'>se</span> <span class='ocrx_word' id='word_1_61' title='bbox 616 1066 791 1121; x_wconf 87' lang='lat' dir='ltr'>nubes</span> <span class='ocrx_word' id='word_1_62' title='bbox 818 1066 957 1120; x_wconf 89' lang='lat' dir='ltr'>etin</span> <span class='ocrx_word' id='word_1_63' title='bbox 983 1065 1210 1120; x_wconf 88' lang='lat' dir='ltr'>aethera</span> <span class='ocrx_word' id='word_1_64' title='bbox 1234 1069 1435 1135; x_wconf 85' lang='lat' dir='ltr'>purgat</span> <span class='ocrx_word' id='word_1_65' title='bbox 1459 1069 1728 1133; x_wconf 87' lang='lat' dir='ltr'>apertum.</span> 
     </span>
     <span class='ocr_line' id='line_1_11' title="bbox 297 1149 1533 1222; baseline -0.001 -17"><span class='ocrx_word' id='word_1_66' title='bbox 297 1151 525 1208; x_wconf 78' lang='lat' dir='ltr'>Restitit</span> <span class='ocrx_word' id='word_1_67' title='bbox 549 1153 768 1206; x_wconf 82' lang='lat' dir='ltr'>Aeneas</span> <span class='ocrx_word' id='word_1_68' title='bbox 794 1151 1050 1222; x_wconf 80' lang='lat' dir='ltr'>claraque</span> <span class='ocrx_word' id='word_1_69' title='bbox 1074 1153 1131 1206; x_wconf 86' lang='lat' dir='ltr'>in</span> <span class='ocrx_word' id='word_1_70' title='bbox 1156 1151 1279 1206; x_wconf 83' lang='lat' dir='ltr'>luce</span> <span class='ocrx_word' id='word_1_71' title='bbox 1302 1149 1533 1219; x_wconf 76' lang='lat' dir='ltr'>refulsit,</span> 
     </span>
     <span class='ocr_line' id='line_1_12' title="bbox 298 1237 1803 1309; baseline 0 -17"><span class='ocrx_word' id='word_1_72' title='bbox 298 1239 375 1292; x_wconf 89' lang='lat' dir='ltr'>Os</span> <span class='ocrx_word' id='word_1_73' title='bbox 396 1255 725 1309; x_wconf 85' lang='lat' dir='ltr'>umerosque</span> <span class='ocrx_word' id='word_1_74' title='bbox 749 1238 855 1293; x_wconf 82' lang='lat' dir='ltr'>deo</span> <span class='ocrx_word' id='word_1_75' title='bbox 880 1237 1101 1306; x_wconf 81' lang='lat' dir='ltr'>similis3</span> <span class='ocrx_word' id='word_1_76' title='bbox 1143 1253 1382 1308; x_wconf 88' lang='lat' dir='ltr'>namque</span> <span class='ocrx_word' id='word_1_77' title='bbox 1402 1239 1523 1307; x_wconf 87' lang='lat' dir='ltr'>ipsa</span> <span class='ocrx_word' id='word_1_78' title='bbox 1547 1237 1803 1293; x_wconf 77' lang='lat' dir='ltr'>decoram</span> 
     </span>
     <span class='ocr_line' id='line_1_13' title="bbox 297 1323 1644 1395; baseline -0.001 -15"><span class='ocrx_word' id='word_1_79' title='bbox 297 1325 605 1380; x_wconf 76' lang='lat' dir='ltr'>caesariem</span> <span class='ocrx_word' id='word_1_80' title='bbox 632 1331 765 1380; x_wconf 89' lang='lat' dir='ltr'>nato</span> <span class='ocrx_word' id='word_1_81' title='bbox 790 1324 1042 1393; x_wconf 79' lang='lat' dir='ltr'>genetrix</span> <span class='ocrx_word' id='word_1_82' title='bbox 1070 1324 1363 1395; x_wconf 85' lang='lat' dir='ltr'>lumenque</span> <span class='ocrx_word' id='word_1_83' title='bbox 1385 1323 1644 1378; x_wconf 84' lang='lat' dir='ltr'>iuventae</span> 
     </span>
     <span class='ocr_line' id='line_1_14' title="bbox 296 1411 1668 1483; baseline -0.001 -17"><span class='ocrx_word' id='word_1_84' title='bbox 296 1411 637 1483; x_wconf 87' lang='lat' dir='ltr'>Purpureum</span> <span class='ocrx_word' id='word_1_85' title='bbox 666 1417 723 1466; x_wconf 91' lang='lat' dir='ltr'>et</span> <span class='ocrx_word' id='word_1_86' title='bbox 748 1411 921 1466; x_wconf 87' lang='lat' dir='ltr'>laetos</span> <span class='ocrx_word' id='word_1_87' title='bbox 945 1411 1120 1466; x_wconf 82' lang='lat' dir='ltr'>oeulis</span> <span class='ocrx_word' id='word_1_88' title='bbox 1144 1411 1376 1465; x_wconf 86' lang='lat' dir='ltr'>adflarat</span> <span class='ocrx_word' id='word_1_89' title='bbox 1399 1411 1668 1465; x_wconf 87' lang='lat' dir='ltr'>honores:</span> 
     </span>
     <span class='ocr_line' id='line_1_15' title="bbox 298 1496 1722 1566; baseline 0 -13"><span class='ocrx_word' id='word_1_90' title='bbox 298 1497 470 1565; x_wconf 84' lang='lat' dir='ltr'>Quale</span> <span class='ocrx_word' id='word_1_91' title='bbox 494 1514 691 1552; x_wconf 85' lang='lat' dir='ltr'>manus</span> <span class='ocrx_word' id='word_1_92' title='bbox 715 1496 927 1552; x_wconf 88' lang='lat' dir='ltr'>addunt</span> <span class='ocrx_word' id='word_1_93' title='bbox 950 1497 1103 1552; x_wconf 88' lang='lat' dir='ltr'>ebori</span> <span class='ocrx_word' id='word_1_94' title='bbox 1127 1496 1309 1566; x_wconf 84' lang='lat' dir='ltr'>decus,</span> <span class='ocrx_word' id='word_1_95' title='bbox 1340 1503 1437 1552; x_wconf 85' lang='lat' dir='ltr'>aut</span> <span class='ocrx_word' id='word_1_96' title='bbox 1461 1497 1554 1552; x_wconf 89' lang='lat' dir='ltr'>ubi</span> <span class='ocrx_word' id='word_1_97' title='bbox 1579 1497 1722 1553; x_wconf 78' lang='lat' dir='ltr'>flavo</span> 
     </span>
     <span class='ocr_line' id='line_1_16' title="bbox 297 1585 1635 1656; baseline 0.001 -18"><span class='ocrx_word' id='word_1_98' title='bbox 297 1585 605 1654; x_wconf 82' lang='lat' dir='ltr'>Argentum</span> <span class='ocrx_word' id='word_1_99' title='bbox 632 1585 895 1640; x_wconf 81' lang='lat' dir='ltr'>Pariusve</span> <span class='ocrx_word' id='word_1_100' title='bbox 923 1585 1062 1656; x_wconf 80' lang='lat' dir='ltr'>lapis</span> <span class='ocrx_word' id='word_1_101' title='bbox 1089 1585 1460 1641; x_wconf 83' lang='lat' dir='ltr'>circumdatur</span> <span class='ocrx_word' id='word_1_102' title='bbox 1485 1601 1635 1640; x_wconf 86' lang='lat' dir='ltr'>aur0.</span> 
     </span>
     <span class='ocr_line' id='line_1_17' title="bbox 294 1670 1758 1742; baseline 0.001 -17"><span class='ocrx_word' id='word_1_103' title='bbox 294 1670 431 1725; x_wconf 87' lang='lat' dir='ltr'>Tum</span> <span class='ocrx_word' id='word_1_104' title='bbox 456 1672 533 1726; x_wconf 83' lang='lat' dir='ltr'>sie</span> <span class='ocrx_word' id='word_1_105' title='bbox 556 1673 803 1740; x_wconf 78' lang='lat' dir='ltr'>reginam</span> <span class='ocrx_word' id='word_1_106' title='bbox 828 1671 1156 1741; x_wconf 86' lang='lat' dir='ltr'>adloquitur,</span> <span class='ocrx_word' id='word_1_107' title='bbox 1186 1673 1506 1742; x_wconf 79' lang='lat' dir='ltr'>cunctisque</span> <span class='ocrx_word' id='word_1_108' title='bbox 1531 1679 1758 1742; x_wconf 89' lang='lat' dir='ltr'>repente</span> 
     </span>
     <span class='ocr_line' id='line_1_18' title="bbox 296 1757 1809 1829; baseline 0.001 -19"><span class='ocrx_word' id='word_1_109' title='bbox 296 1757 631 1827; x_wconf 76' lang='lat' dir='ltr'>Improvisus</span> <span class='ocrx_word' id='word_1_110' title='bbox 656 1759 763 1812; x_wconf 86' lang='lat' dir='ltr'>ait:</span> <span class='ocrx_word' id='word_1_111' title='bbox 809 1760 843 1787; x_wconf 89' lang='grc'>“</span> <span class='ocrx_word' id='word_1_112' title='bbox 860 1757 1077 1828; x_wconf 83' lang='lat' dir='ltr'>Coram,</span> <span class='ocrx_word' id='word_1_113' title='bbox 1108 1776 1265 1828; x_wconf 87' lang='lat' dir='ltr'>quem</span> <span class='ocrx_word' id='word_1_114' title='bbox 1295 1759 1572 1829; x_wconf 81' lang='lat' dir='ltr'>quaeritis,</span> <span class='ocrx_word' id='word_1_115' title='bbox 1601 1757 1809 1826; x_wconf 80' lang='lat' dir='ltr'>adsum,</span> 
     </span>
     <span class='ocr_line' id='line_1_19' title="bbox 296 1843 1537 1916; baseline 0.003 -20"><span class='ocrx_word' id='word_1_116' title='bbox 296 1843 490 1899; x_wconf 81' lang='lat' dir='ltr'>Troius</span> <span class='ocrx_word' id='word_1_117' title='bbox 514 1847 747 1914; x_wconf 81' lang='lat' dir='ltr'>Aeneas,</span> <span class='ocrx_word' id='word_1_118' title='bbox 774 1845 995 1914; x_wconf 79' lang='lat' dir='ltr'>Libyeis</span> <span class='ocrx_word' id='word_1_119' title='bbox 1019 1857 1241 1916; x_wconf 83' lang='lat' dir='ltr'>ereptus</span> <span class='ocrx_word' id='word_1_120' title='bbox 1266 1847 1335 1900; x_wconf 89' lang='lat' dir='ltr'>ab</span> <span class='ocrx_word' id='word_1_121' title='bbox 1360 1845 1537 1900; x_wconf 85' lang='lat' dir='ltr'>undis.</span> 
     </span>
     <span class='ocr_line' id='line_1_20' title="bbox 296 1931 1522 2002; baseline 0.002 -17"><span class='ocrx_word' id='word_1_122' title='bbox 296 1931 345 1985; x_wconf 93' lang='lat' dir='ltr'>O</span> <span class='ocrx_word' id='word_1_123' title='bbox 369 1932 485 1987; x_wconf 82' lang='lat' dir='ltr'>sola</span> <span class='ocrx_word' id='word_1_124' title='bbox 508 1933 764 1988; x_wconf 83' lang='lat' dir='ltr'>infandos</span> <span class='ocrx_word' id='word_1_125' title='bbox 787 1933 983 1988; x_wconf 78' lang='lat' dir='ltr'>Troiae</span> <span class='ocrx_word' id='word_1_126' title='bbox 1008 1937 1264 1988; x_wconf 85' lang='lat' dir='ltr'>miserata</span> <span class='ocrx_word' id='word_1_127' title='bbox 1289 1933 1522 2002; x_wconf 80' lang='lat' dir='ltr'>labores,</span> 
     </span>
    </p>
   </div>
   <div class='ocr_carea' id='block_1_3' title="bbox 238 2023 1906 3566">
    <p class='ocr_par' dir='ltr' id='par_1_3' title="bbox 296 2023 1787 2099">
     <span class='ocr_line' id='line_1_21' title="bbox 296 2023 1787 2099; baseline 0.001 -18"><span class='ocrx_word' id='word_1_128' title='bbox 296 2023 448 2092; x_wconf 86' lang='lat' dir='ltr'>Quae</span> <span class='ocrx_word' id='word_1_129' title='bbox 471 2043 591 2096; x_wconf 82' lang='lat' dir='ltr'>nos,</span> <span class='ocrx_word' id='word_1_130' title='bbox 621 2027 879 2098; x_wconf 84' lang='lat' dir='ltr'>reliquias</span> <span class='ocrx_word' id='word_1_131' title='bbox 902 2025 1171 2094; x_wconf 85' lang='lat' dir='ltr'>Danaum,</span> <span class='ocrx_word' id='word_1_132' title='bbox 1200 2033 1488 2099; x_wconf 81' lang='lat' dir='ltr'>terraeque</span> <span class='ocrx_word' id='word_1_133' title='bbox 1513 2027 1787 2098; x_wconf 86' lang='lat' dir='ltr'>marisque</span> 
     </span>
    </p>

    <p class='ocr_par' dir='ltr' id='par_1_4' title="bbox 293 2111 1796 2184">
     <span class='ocr_line' id='line_1_22' title="bbox 293 2111 1796 2184; baseline 0 -16"><span class='ocrx_word' id='word_1_134' title='bbox 293 2111 567 2168; x_wconf 86' lang='lat' dir='ltr'>Omnibus</span> <span class='ocrx_word' id='word_1_135' title='bbox 590 2114 886 2170; x_wconf 83' lang='lat' dir='ltr'>exhaustos</span> <span class='ocrx_word' id='word_1_136' title='bbox 909 2115 1017 2170; x_wconf 86' lang='lat' dir='ltr'>iam</span> <span class='ocrx_word' id='word_1_137' title='bbox 1047 2115 1279 2180; x_wconf 81' lang='lat' dir='ltr'>ossibus,</span> <span class='ocrx_word' id='word_1_138' title='bbox 1310 2116 1554 2170; x_wconf 88' lang='lat' dir='ltr'>omnium</span> <span class='ocrx_word' id='word_1_139' title='bbox 1581 2129 1796 2184; x_wconf 79' lang='lat' dir='ltr'>egenos,</span> 
     </span>
    </p>

    <p class='ocr_par' dir='ltr' id='par_1_5' title="bbox 298 2197 1672 2274">
     <span class='ocr_line' id='line_1_23' title="bbox 298 2197 1672 2274; baseline 0.001 -20"><span class='ocrx_word' id='word_1_140' title='bbox 298 2197 462 2268; x_wconf 80' lang='lat' dir='ltr'>Urbe,</span> <span class='ocrx_word' id='word_1_141' title='bbox 491 2199 675 2270; x_wconf 82' lang='lat' dir='ltr'>domo,</span> <span class='ocrx_word' id='word_1_142' title='bbox 710 2203 901 2272; x_wconf 87' lang='lat' dir='ltr'>socias,</span> <span class='ocrx_word' id='word_1_143' title='bbox 932 2208 1117 2274; x_wconf 81' lang='lat' dir='ltr'>grates</span> <span class='ocrx_word' id='word_1_144' title='bbox 1140 2203 1454 2273; x_wconf 78' lang='lat' dir='ltr'>persolvere</span> <span class='ocrx_word' id='word_1_145' title='bbox 1480 2201 1672 2270; x_wconf 77' lang='lat' dir='ltr'>dignas</span> 
     </span>
    </p>

    <p class='ocr_par' dir='ltr' id='par_1_6' title="bbox 293 2283 1892 2360">
     <span class='ocr_line' id='line_1_24' title="bbox 293 2283 1892 2360; baseline 0.001 -19"><span class='ocrx_word' id='word_1_146' title='bbox 293 2283 423 2342; x_wconf 80' lang='lat' dir='ltr'>Non</span> <span class='ocrx_word' id='word_1_147' title='bbox 448 2287 569 2358; x_wconf 88' lang='lat' dir='ltr'>opis</span> <span class='ocrx_word' id='word_1_148' title='bbox 593 2293 677 2342; x_wconf 89' lang='lat' dir='ltr'>est</span> <span class='ocrx_word' id='word_1_149' title='bbox 698 2294 935 2358; x_wconf 84' lang='lat' dir='ltr'>nostrae,</span> <span class='ocrx_word' id='word_1_150' title='bbox 964 2289 1131 2360; x_wconf 82' lang='lat' dir='ltr'>Dido,</span> <span class='ocrx_word' id='word_1_151' title='bbox 1158 2305 1261 2344; x_wconf 84' lang='lat' dir='ltr'>nee</span> <span class='ocrx_word' id='word_1_152' title='bbox 1292 2287 1556 2358; x_wconf 87' lang='lat' dir='ltr'>quidquid</span> <span class='ocrx_word' id='word_1_153' title='bbox 1581 2287 1784 2358; x_wconf 87' lang='lat' dir='ltr'>ubique</span> <span class='ocrx_word' id='word_1_154' title='bbox 1807 2292 1892 2342; x_wconf 87' lang='lat' dir='ltr'>est</span> 
     </span>
    </p>

    <p class='ocr_par' dir='ltr' id='par_1_7' title="bbox 293 2371 1868 2447">
     <span class='ocr_line' id='line_1_25' title="bbox 293 2371 1868 2447; baseline 0 -20"><span class='ocrx_word' id='word_1_155' title='bbox 293 2372 489 2428; x_wconf 81' lang='lat' dir='ltr'>Gentis</span> <span class='ocrx_word' id='word_1_156' title='bbox 514 2371 843 2445; x_wconf 85' lang='lat' dir='ltr'>Dardaniae,</span> <span class='ocrx_word' id='word_1_157' title='bbox 872 2391 1133 2446; x_wconf 74' lang='lat' dir='ltr'>magnum</span> <span class='ocrx_word' id='word_1_158' title='bbox 1162 2391 1300 2447; x_wconf 89' lang='lat' dir='ltr'>quae</span> <span class='ocrx_word' id='word_1_159' title='bbox 1324 2391 1513 2445; x_wconf 70' lang='lat' dir='ltr'>sparsa</span> <span class='ocrx_word' id='word_1_160' title='bbox 1537 2389 1639 2444; x_wconf 84' lang='lat' dir='ltr'>per</span> <span class='ocrx_word' id='word_1_161' title='bbox 1661 2373 1868 2428; x_wconf 88' lang='lat' dir='ltr'>orbem.</span> 
     </span>
    </p>

    <p class='ocr_par' dir='ltr' id='par_1_8' title="bbox 282 2457 1688 2532">
     <span class='ocr_line' id='line_1_26' title="bbox 282 2457 1688 2532; baseline 0.001 -20"><span class='ocrx_word' id='word_1_162' title='bbox 282 2457 361 2513; x_wconf 81' lang='lat' dir='ltr'>‘Di</span> <span class='ocrx_word' id='word_1_163' title='bbox 386 2460 503 2525; x_wconf 88' lang='lat' dir='ltr'>tibi,</span> <span class='ocrx_word' id='word_1_164' title='bbox 531 2459 575 2516; x_wconf 84' lang='lat' dir='ltr'>si</span> <span class='ocrx_word' id='word_1_165' title='bbox 603 2477 711 2530; x_wconf 89' lang='lat' dir='ltr'>qua</span> <span class='ocrx_word' id='word_1_166' title='bbox 733 2461 855 2531; x_wconf 86' lang='lat' dir='ltr'>pios</span> <span class='ocrx_word' id='word_1_167' title='bbox 880 2465 1195 2532; x_wconf 77' lang='lat' dir='ltr'>respectant</span> <span class='ocrx_word' id='word_1_168' title='bbox 1218 2462 1462 2528; x_wconf 80' lang='lat' dir='ltr'>numina,</span> <span class='ocrx_word' id='word_1_169' title='bbox 1493 2461 1534 2518; x_wconf 86' lang='lat' dir='ltr'>si</span> <span class='ocrx_word' id='word_1_170' title='bbox 1563 2461 1688 2531; x_wconf 80' lang='lat' dir='ltr'>quid</span> 
     </span>
    </p>

    <p class='ocr_par' dir='ltr' id='par_1_9' title="bbox 294 2543 1698 2616">
     <span class='ocr_line' id='line_1_27' title="bbox 294 2543 1698 2616; baseline 0.001 -17"><span class='ocrx_word' id='word_1_171' title='bbox 294 2543 535 2616; x_wconf 84' lang='lat' dir='ltr'>Usquam</span> <span class='ocrx_word' id='word_1_172' title='bbox 560 2547 775 2602; x_wconf 83' lang='lat' dir='ltr'>iustitia</span> <span class='ocrx_word' id='word_1_173' title='bbox 796 2554 881 2602; x_wconf 88' lang='lat' dir='ltr'>est</span> <span class='ocrx_word' id='word_1_174' title='bbox 906 2553 963 2603; x_wconf 89' lang='lat' dir='ltr'>et</span> <span class='ocrx_word' id='word_1_175' title='bbox 991 2565 1144 2602; x_wconf 86' lang='lat' dir='ltr'>mens</span> <span class='ocrx_word' id='word_1_176' title='bbox 1170 2547 1273 2603; x_wconf 86' lang='lat' dir='ltr'>sibi</span> <span class='ocrx_word' id='word_1_177' title='bbox 1299 2551 1520 2604; x_wconf 84' lang='lat' dir='ltr'>conscia</span> <span class='ocrx_word' id='word_1_178' title='bbox 1545 2548 1698 2614; x_wconf 83' lang='lat' dir='ltr'>recti,</span> 
     </span>
    </p>

    <p class='ocr_par' dir='ltr' id='par_1_10' title="bbox 292 2629 1844 2702">
     <span class='ocr_line' id='line_1_28' title="bbox 292 2629 1844 2702; baseline 0.001 -16"><span class='ocrx_word' id='word_1_179' title='bbox 292 2629 545 2689; x_wconf 84' lang='lat' dir='ltr'>Praemia</span> <span class='ocrx_word' id='word_1_180' title='bbox 566 2633 735 2702; x_wconf 81' lang='lat' dir='ltr'>digna</span> <span class='ocrx_word' id='word_1_181' title='bbox 756 2635 957 2690; x_wconf 74' lang='lat' dir='ltr'>ferant.</span> <span class='ocrx_word' id='word_1_182' title='bbox 1033 2635 1185 2700; x_wconf 84' lang='lat' dir='ltr'>Quae</span> <span class='ocrx_word' id='word_1_183' title='bbox 1210 2641 1267 2690; x_wconf 92' lang='lat' dir='ltr'>te</span> <span class='ocrx_word' id='word_1_184' title='bbox 1292 2643 1407 2691; x_wconf 88' lang='lat' dir='ltr'>tam</span> <span class='ocrx_word' id='word_1_185' title='bbox 1432 2635 1576 2690; x_wconf 85' lang='lat' dir='ltr'>laeta</span> <span class='ocrx_word' id='word_1_186' title='bbox 1599 2634 1844 2689; x_wconf 83' lang='lat' dir='ltr'>tulerunt</span> 
     </span>
    </p>

    <p class='ocr_par' dir='ltr' id='par_1_11' title="bbox 291 2717 1624 2792">
     <span class='ocr_line' id='line_1_29' title="bbox 291 2717 1624 2792; baseline 0.002 -20"><span class='ocrx_word' id='word_1_187' title='bbox 291 2717 553 2775; x_wconf 71' lang='lat' dir='ltr'>Saecula?</span> <span class='ocrx_word' id='word_1_188' title='bbox 591 2721 683 2790; x_wconf 90' lang='lat' dir='ltr'>qui</span> <span class='ocrx_word' id='word_1_189' title='bbox 709 2721 846 2775; x_wconf 86' lang='lat' dir='ltr'>tanti</span> <span class='ocrx_word' id='word_1_190' title='bbox 875 2719 1039 2776; x_wconf 81' lang='lat' dir='ltr'>talem</span> <span class='ocrx_word' id='word_1_191' title='bbox 1068 2737 1307 2790; x_wconf 82' lang='lat' dir='ltr'>genuere</span> <span class='ocrx_word' id='word_1_192' title='bbox 1334 2720 1624 2792; x_wconf 66' lang='lat' dir='ltr'>parentes?</span> 
     </span>
    </p>

    <p class='ocr_par' dir='ltr' id='par_1_12' title="bbox 292 2803 1834 2886">
     <span class='ocr_line' id='line_1_30' title="bbox 292 2803 1834 2886; baseline 0.001 -28"><span class='ocrx_word' id='word_1_193' title='bbox 292 2803 353 2858; x_wconf 82' lang='lat' dir='ltr'>In</span> <span class='ocrx_word' id='word_1_194' title='bbox 384 2807 522 2860; x_wconf 82' lang='lat' dir='ltr'>freta</span> <span class='ocrx_word' id='word_1_195' title='bbox 544 2806 673 2861; x_wconf 89' lang='lat' dir='ltr'>dum</span> <span class='ocrx_word' id='word_1_196' title='bbox 701 2805 852 2861; x_wconf 86' lang='lat' dir='ltr'>fluvii</span> <span class='ocrx_word' id='word_1_197' title='bbox 878 2815 1115 2886; x_wconf 75' lang='lat' dir='ltr'>eurrent.</span> <span class='ocrx_word' id='word_1_198' title='bbox 1143 2808 1273 2862; x_wconf 86' lang='lat' dir='ltr'>dum</span> <span class='ocrx_word' id='word_1_199' title='bbox 1301 2807 1580 2862; x_wconf 85' lang='lat' dir='ltr'>montibus</span> <span class='ocrx_word' id='word_1_200' title='bbox 1603 2805 1834 2860; x_wconf 83' lang='lat' dir='ltr'>umbrae</span> 
     </span>
    </p>

    <p class='ocr_par' dir='ltr' id='par_1_13' title="bbox 238 2889 1686 2963">
     <span class='ocr_line' id='line_1_31' title="bbox 238 2889 1686 2963; baseline 0.002 -20"><span class='ocrx_word' id='word_1_201' title='bbox 238 2915 251 2926; x_wconf 92' lang='lat'><strong>·</strong></span> <span class='ocrx_word' id='word_1_202' title='bbox 289 2889 625 2946; x_wconf 80' lang='lat' dir='ltr'>Lustrabunt</span> <span class='ocrx_word' id='word_1_203' title='bbox 650 2909 913 2962; x_wconf 82' lang='lat' dir='ltr'>convexa,</span> <span class='ocrx_word' id='word_1_204' title='bbox 942 2893 1101 2963; x_wconf 89' lang='lat' dir='ltr'>polus</span> <span class='ocrx_word' id='word_1_205' title='bbox 1125 2893 1255 2947; x_wconf 87' lang='lat' dir='ltr'>dum</span> <span class='ocrx_word' id='word_1_206' title='bbox 1282 2893 1458 2948; x_wconf 84' lang='lat' dir='ltr'>sidera</span> <span class='ocrx_word' id='word_1_207' title='bbox 1485 2899 1686 2962; x_wconf 68' lang='lat' dir='ltr'>pascet,</span> 
     </span>
    </p>

    <p class='ocr_par' dir='ltr' id='par_1_14' title="bbox 290 2977 1895 3060">
     <span class='ocr_line' id='line_1_32' title="bbox 290 2977 1895 3060; baseline 0.002 -31"><span class='ocrx_word' id='word_1_208' title='bbox 290 2979 515 3046; x_wconf 63' lang='lat' dir='ltr'>Semper</span> <span class='ocrx_word' id='word_1_209' title='bbox 539 2977 717 3033; x_wconf 81' lang='lat' dir='ltr'>honos</span> <span class='ocrx_word' id='word_1_210' title='bbox 742 2995 1051 3050; x_wconf 90' lang='lat' dir='ltr'>nomenque</span> <span class='ocrx_word' id='word_1_211' title='bbox 1078 2985 1230 3034; x_wconf 87' lang='lat' dir='ltr'>tuum</span> <span class='ocrx_word' id='word_1_212' title='bbox 1257 2979 1552 3048; x_wconf 85' lang='lat' dir='ltr'>laudesque</span> <span class='ocrx_word' id='word_1_213' title='bbox 1577 2978 1895 3060; x_wconf 38' lang='lat' dir='ltr'>mane-bunt,</span> 
     </span>
    </p>

    <p class='ocr_par' dir='ltr' id='par_1_15' title="bbox 290 3063 1906 3136">
     <span class='ocr_line' id='line_1_33' title="bbox 290 3063 1906 3136; baseline 0.001 -20"><span class='ocrx_word' id='word_1_214' title='bbox 290 3063 441 3128; x_wconf 84' lang='lat' dir='ltr'>Quae</span> <span class='ocrx_word' id='word_1_215' title='bbox 468 3081 554 3119; x_wconf 86' lang='lat' dir='ltr'>me</span> <span class='ocrx_word' id='word_1_216' title='bbox 580 3083 811 3136; x_wconf 82' lang='lat' dir='ltr'>eumque</span> <span class='ocrx_word' id='word_1_217' title='bbox 837 3073 1041 3122; x_wconf 78' lang='lat' dir='ltr'>vocant</span> <span class='ocrx_word' id='word_1_218' title='bbox 1064 3067 1297 3121; x_wconf 83' lang='lat' dir='ltr'>terrae.”</span> <span class='ocrx_word' id='word_1_219' title='bbox 1371 3066 1460 3120; x_wconf 80' lang='lat' dir='ltr'>Sic</span> <span class='ocrx_word' id='word_1_220' title='bbox 1485 3067 1645 3133; x_wconf 66' lang='lat' dir='ltr'>fnum,</span> <span class='ocrx_word' id='word_1_221' title='bbox 1674 3065 1906 3120; x_wconf 83' lang='lat' dir='ltr'>amioum</span> 
     </span>
    </p>

    <p class='ocr_par' dir='ltr' id='par_1_16' title="bbox 290 3149 1510 3222">
     <span class='ocr_line' id='line_1_34' title="bbox 290 3149 1510 3222; baseline 0.003 -20"><span class='ocrx_word' id='word_1_222' title='bbox 290 3149 497 3205; x_wconf 79' lang='lat' dir='ltr'>llionea</span> <span class='ocrx_word' id='word_1_223' title='bbox 520 3152 663 3220; x_wconf 87' lang='lat' dir='ltr'>petit</span> <span class='ocrx_word' id='word_1_224' title='bbox 684 3151 895 3218; x_wconf 82' lang='lat' dir='ltr'>dextra,</span> <span class='ocrx_word' id='word_1_225' title='bbox 924 3153 1187 3222; x_wconf 78' lang='lat' dir='ltr'>laevaque</span> <span class='ocrx_word' id='word_1_226' title='bbox 1214 3151 1510 3220; x_wconf 83' lang='lat' dir='ltr'>Serestum,</span> 
     </span>
    </p>

    <p class='ocr_par' dir='ltr' id='par_1_17' title="bbox 286 3233 1861 3395">
     <span class='ocr_line' id='line_1_35' title="bbox 286 3233 1861 3309; baseline 0.001 -20"><span class='ocrx_word' id='word_1_227' title='bbox 286 3233 423 3290; x_wconf 83' lang='lat' dir='ltr'>Post</span> <span class='ocrx_word' id='word_1_228' title='bbox 446 3237 597 3305; x_wconf 87' lang='lat' dir='ltr'>alios,</span> <span class='ocrx_word' id='word_1_229' title='bbox 624 3239 937 3309; x_wconf 74' lang='lat' dir='ltr'>fortemque</span> <span class='ocrx_word' id='word_1_230' title='bbox 963 3239 1140 3307; x_wconf 78' lang='lat' dir='ltr'>Gyan,</span> <span class='ocrx_word' id='word_1_231' title='bbox 1169 3239 1480 3308; x_wconf 69' lang='lat' dir='ltr'>sortemque</span> <span class='ocrx_word' id='word_1_232' title='bbox 1507 3236 1861 3292; x_wconf 80' lang='lat' dir='ltr'>Cloanthum.</span> 
     </span>
     <span class='ocr_line' id='line_1_36' title="bbox 359 3319 1540 3395; baseline 0.002 -19"><span class='ocrx_word' id='word_1_233' title='bbox 359 3319 643 3393; x_wconf 86' lang='lat' dir='ltr'>Obstipuit</span> <span class='ocrx_word' id='word_1_234' title='bbox 668 3325 847 3394; x_wconf 84' lang='lat' dir='ltr'>primo</span> <span class='ocrx_word' id='word_1_235' title='bbox 874 3332 1096 3395; x_wconf 76' lang='lat' dir='ltr'>aspectu</span> <span class='ocrx_word' id='word_1_236' title='bbox 1124 3323 1350 3380; x_wconf 81' lang='lat' dir='ltr'>Sidonia</span> <span class='ocrx_word' id='word_1_237' title='bbox 1375 3324 1540 3392; x_wconf 83' lang='lat' dir='ltr'>Dido,</span> 
     </span>
    </p>

    <p class='ocr_par' dir='ltr' id='par_1_18' title="bbox 287 3407 1641 3479">
     <span class='ocr_line' id='line_1_37' title="bbox 287 3407 1641 3479; baseline 0.001 -17"><span class='ocrx_word' id='word_1_238' title='bbox 287 3407 433 3463; x_wconf 83' lang='lat' dir='ltr'>Casu</span> <span class='ocrx_word' id='word_1_239' title='bbox 456 3409 656 3465; x_wconf 83' lang='lat' dir='ltr'>deinde</span> <span class='ocrx_word' id='word_1_240' title='bbox 680 3411 785 3464; x_wconf 79' lang='lat' dir='ltr'>viri</span> <span class='ocrx_word' id='word_1_241' title='bbox 809 3417 982 3479; x_wconf 89' lang='lat' dir='ltr'>tanto,</span> <span class='ocrx_word' id='word_1_242' title='bbox 1012 3415 1070 3466; x_wconf 86' lang='lat' dir='ltr'>et</span> <span class='ocrx_word' id='word_1_243' title='bbox 1095 3411 1173 3464; x_wconf 79' lang='lat' dir='ltr'>sie</span> <span class='ocrx_word' id='word_1_244' title='bbox 1198 3426 1292 3466; x_wconf 89' lang='lat' dir='ltr'>ore</span> <span class='ocrx_word' id='word_1_245' title='bbox 1317 3411 1504 3466; x_wconf 72' lang='lat' dir='ltr'>locuta</span> <span class='ocrx_word' id='word_1_246' title='bbox 1529 3419 1641 3464; x_wconf 82' lang='lat' dir='ltr'>est:</span> 
     </span>
    </p>

    <p class='ocr_par' dir='ltr' id='par_1_19' title="bbox 294 3493 1627 3566">
     <span class='ocr_line' id='line_1_38' title="bbox 294 3493 1627 3566; baseline 0.001 -18"><span class='ocrx_word' id='word_1_247' title='bbox 294 3497 325 3524; x_wconf 81' lang='lat'>&#39;¹‘</span> <span class='ocrx_word' id='word_1_248' title='bbox 341 3493 477 3560; x_wconf 86' lang='lat' dir='ltr'>Quis</span> <span class='ocrx_word' id='word_1_249' title='bbox 499 3501 573 3564; x_wconf 86' lang='lat' dir='ltr'>te,</span> <span class='ocrx_word' id='word_1_250' title='bbox 600 3501 731 3550; x_wconf 84' lang='lat' dir='ltr'>nate</span> <span class='ocrx_word' id='word_1_251' title='bbox 754 3495 873 3564; x_wconf 82' lang='lat' dir='ltr'>dea,</span> <span class='ocrx_word' id='word_1_252' title='bbox 902 3514 1001 3566; x_wconf 87' lang='lat' dir='ltr'>per</span> <span class='ocrx_word' id='word_1_253' title='bbox 1026 3503 1181 3551; x_wconf 76' lang='lat' dir='ltr'>tanta</span> <span class='ocrx_word' id='word_1_254' title='bbox 1208 3497 1450 3566; x_wconf 84' lang='lat' dir='ltr'>pericula</span> <span class='ocrx_word' id='word_1_255' title='bbox 1473 3511 1627 3550; x_wconf 80' lang='lat' dir='ltr'>casus</span> 
     </span>
    </p>
   </div>
   <div class='ocr_carea' id='block_1_4' title="bbox 2229 463 2334 517">
    <p class='ocr_par' dir='ltr' id='par_1_20' title="bbox 2229 463 2334 517">
     <span class='ocr_line' id='line_1_39' title="bbox 2229 463 2334 517; baseline 0.01 -1"><span class='ocrx_word' id='word_1_256' title='bbox 2229 463 2334 517; x_wconf 82' lang='grc'>580</span> 
     </span>
    </p>
   </div>
   <div class='ocr_carea' id='block_1_5' title="bbox 2226 893 2330 947">
    <p class='ocr_par' dir='ltr' id='par_1_21' title="bbox 2226 893 2330 947">
     <span class='ocr_line' id='line_1_40' title="bbox 2226 893 2330 947; baseline 0 0"><span class='ocrx_word' id='word_1_257' title='bbox 2226 893 2330 947; x_wconf 83' lang='grc'>585</span> 
     </span>
    </p>
   </div>
   <div class='ocr_carea' id='block_1_6' title="bbox 2225 1327 2330 1380">
    <p class='ocr_par' dir='ltr' id='par_1_22' title="bbox 2225 1327 2330 1380">
     <span class='ocr_line' id='line_1_41' title="bbox 2225 1327 2330 1380; baseline 0.01 -1"><span class='ocrx_word' id='word_1_258' title='bbox 2225 1327 2330 1380; x_wconf 74' lang='grc'>500</span> 
     </span>
    </p>
   </div>
   <div class='ocr_carea' id='block_1_7' title="bbox 2225 1761 2327 1814">
    <p class='ocr_par' dir='ltr' id='par_1_23' title="bbox 2225 1761 2327 1814">
     <span class='ocr_line' id='line_1_42' title="bbox 2225 1761 2327 1814; baseline 0 0"><span class='ocrx_word' id='word_1_259' title='bbox 2225 1761 2327 1814; x_wconf 77' lang='grc'>595</span> 
     </span>
    </p>
   </div>
   <div class='ocr_carea' id='block_1_8' title="bbox 2222 2201 2326 2256">
    <p class='ocr_par' dir='ltr' id='par_1_24' title="bbox 2222 2201 2326 2256">
     <span class='ocr_line' id='line_1_43' title="bbox 2222 2201 2326 2256; baseline -0.019 0"><span class='ocrx_word' id='word_1_260' title='bbox 2222 2201 2326 2256; x_wconf 85' lang='grc'>000</span> 
     </span>
    </p>
   </div>
   <div class='ocr_carea' id='block_1_9' title="bbox 2220 2633 2323 2688">
    <p class='ocr_par' dir='ltr' id='par_1_25' title="bbox 2220 2633 2323 2688">
     <span class='ocr_line' id='line_1_44' title="bbox 2220 2633 2323 2688; baseline -0.01 0"><span class='ocrx_word' id='word_1_261' title='bbox 2220 2633 2323 2688; x_wconf 84' lang='grc'>005</span> 
     </span>
    </p>
   </div>
   <div class='ocr_carea' id='block_1_10' title="bbox 2218 3065 2321 3118">
    <p class='ocr_par' dir='ltr' id='par_1_26' title="bbox 2218 3065 2321 3118">
     <span class='ocr_line' id='line_1_45' title="bbox 2218 3065 2321 3118; baseline 0 0"><span class='ocrx_word' id='word_1_262' title='bbox 2218 3065 2321 3118; x_wconf 83' lang='grc'>010</span> 
     </span>
    </p>
   </div>
   <div class='ocr_carea' id='block_1_11' title="bbox 2216 3491 2318 3542">
    <p class='ocr_par' dir='ltr' id='par_1_27' title="bbox 2216 3491 2318 3542">
     <span class='ocr_line' id='line_1_46' title="bbox 2216 3491 2318 3542; baseline 0.02 -2"><span class='ocrx_word' id='word_1_263' title='bbox 2216 3491 2318 3542; x_wconf 72' lang='grc'>015</span> 
     </span>
    </p>
   </div>
  </div>
 </body>
</html>
