<?xml version="1.0" encoding="UTF-8"?>
<!DOCTYPE html PUBLIC "-//W3C//DTD XHTML 1.0 Transitional//EN"
    "http://www.w3.org/TR/xhtml1/DTD/xhtml1-transitional.dtd">
<html xmlns="http://www.w3.org/1999/xhtml" xml:lang="en" lang="en">
 <head>
  <title>
</title>
<meta http-equiv="Content-Type" content="text/html;charset=utf-8" />
  <meta name='ocr-system' content='tesseract 3.04.00' />
  <meta name='ocr-capabilities' content='ocr_page ocr_carea ocr_par ocr_line ocrx_word'/>
</head>
<body>
  <div class='ocr_page' id='page_1' title='image "arevisedtextpoe01virggoog_0198.png"; bbox 0 0 2725 3892; ppageno 0'>
   <div class='ocr_carea' id='block_1_1' title="bbox 1001 175 1781 230">
    <p class='ocr_par' dir='ltr' id='par_1_1' title="bbox 1001 175 1781 230">
     <span class='ocr_line' id='line_1_1' title="bbox 1001 175 1781 230; baseline -0.003 0"><span class='ocrx_word' id='word_1_1' title='bbox 1001 179 1274 230; x_wconf 70' lang='lat' dir='ltr'>VERGILI</span> <span class='ocrx_word' id='word_1_2' title='bbox 1321 179 1649 230; x_wconf 74' lang='lat' dir='ltr'>AENEIDOS</span> <span class='ocrx_word' id='word_1_3' title='bbox 1692 175 1781 230; x_wconf 76' lang='lat' dir='ltr'><strong>IV.</strong></span> 
     </span>
    </p>
   </div>
   <div class='ocr_carea' id='block_1_2' title="bbox 369 339 1959 2929">
    <p class='ocr_par' dir='ltr' id='par_1_2' title="bbox 379 339 1657 409">
     <span class='ocr_line' id='line_1_2' title="bbox 379 339 1657 409; baseline -0.002 -13"><span class='ocrx_word' id='word_1_4' title='bbox 379 340 464 397; x_wconf 83' lang='lat' dir='ltr'><strong>Ire</strong></span> <span class='ocrx_word' id='word_1_5' title='bbox 491 343 636 396; x_wconf 78' lang='lat' dir='ltr'><strong>viam</strong></span> <span class='ocrx_word' id='word_1_6' title='bbox 661 345 718 396; x_wconf 88' lang='lat' dir='ltr'><strong>et</strong></span> <span class='ocrx_word' id='word_1_7' title='bbox 741 339 936 408; x_wconf 82' lang='lat' dir='ltr'><strong>Tyrios</strong></span> <span class='ocrx_word' id='word_1_8' title='bbox 960 339 1178 395; x_wconf 82' lang='lat' dir='ltr'><strong>deserta</strong></span> <span class='ocrx_word' id='word_1_9' title='bbox 1202 357 1467 409; x_wconf 78' lang='lat' dir='ltr'><strong>quaerere</strong></span> <span class='ocrx_word' id='word_1_10' title='bbox 1492 347 1657 394; x_wconf 80' lang='lat' dir='ltr'><strong>terra.</strong></span> 
     </span>
    </p>

    <p class='ocr_par' dir='ltr' id='par_1_3' title="bbox 375 425 1949 494">
     <span class='ocr_line' id='line_1_3' title="bbox 375 425 1949 494; baseline -0.001 -13"><span class='ocrx_word' id='word_1_11' title='bbox 375 427 744 481; x_wconf 75' lang='lat' dir='ltr'><strong>Eumenidum</strong></span> <span class='ocrx_word' id='word_1_12' title='bbox 771 427 944 481; x_wconf 83' lang='lat' dir='ltr'><strong>veluti</strong></span> <span class='ocrx_word' id='word_1_13' title='bbox 969 426 1200 481; x_wconf 89' lang='lat' dir='ltr'><strong>demens</strong></span> <span class='ocrx_word' id='word_1_14' title='bbox 1226 427 1381 480; x_wconf 79' lang='lat' dir='ltr'><strong>videt</strong></span> <span class='ocrx_word' id='word_1_15' title='bbox 1404 428 1627 493; x_wconf 78' lang='lat' dir='ltr'><strong>agmina</strong></span> <span class='ocrx_word' id='word_1_16' title='bbox 1650 425 1949 494; x_wconf 85' lang='lat' dir='ltr'><strong>Pentheus,</strong></span> 
     </span>
    </p>

    <p class='ocr_par' dir='ltr' id='par_1_4' title="bbox 375 513 1959 582">
     <span class='ocr_line' id='line_1_4' title="bbox 375 513 1959 582; baseline 0 -14"><span class='ocrx_word' id='word_1_17' title='bbox 375 515 450 569; x_wconf 89' lang='lat' dir='ltr'><strong>Et</strong></span> <span class='ocrx_word' id='word_1_18' title='bbox 475 514 646 569; x_wconf 87' lang='lat' dir='ltr'><strong>solem</strong></span> <span class='ocrx_word' id='word_1_19' title='bbox 671 514 948 582; x_wconf 83' lang='lat' dir='ltr'><strong>geminum</strong></span> <span class='ocrx_word' id='word_1_20' title='bbox 975 521 1032 567; x_wconf 88' lang='lat' dir='ltr'><strong>et</strong></span> <span class='ocrx_word' id='word_1_21' title='bbox 1055 513 1293 582; x_wconf 88' lang='lat' dir='ltr'><strong>duplicis</strong></span> <span class='ocrx_word' id='word_1_22' title='bbox 1317 529 1377 568; x_wconf 87' lang='lat' dir='ltr'><strong>se</strong></span> <span class='ocrx_word' id='word_1_23' title='bbox 1402 513 1693 568; x_wconf 85' lang='lat' dir='ltr'><strong>ostendere</strong></span> <span class='ocrx_word' id='word_1_24' title='bbox 1716 513 1959 578; x_wconf 80' lang='lat' dir='ltr'><strong>Thebas3</strong></span> 
     </span>
    </p>

    <p class='ocr_par' dir='ltr' id='par_1_5' title="bbox 376 599 1745 669">
     <span class='ocr_line' id='line_1_5' title="bbox 376 599 1745 669; baseline -0.001 -14"><span class='ocrx_word' id='word_1_25' title='bbox 376 601 495 656; x_wconf 84' lang='lat' dir='ltr'><strong>Aut</strong></span> <span class='ocrx_word' id='word_1_26' title='bbox 519 599 988 669; x_wconf 79' lang='lat' dir='ltr'><strong>Agamemnonius</strong></span> <span class='ocrx_word' id='word_1_27' title='bbox 1009 599 1223 654; x_wconf 80' lang='lat' dir='ltr'><strong>scaenis</strong></span> <span class='ocrx_word' id='word_1_28' title='bbox 1247 601 1491 668; x_wconf 77' lang='lat' dir='ltr'><strong>agitatus</strong></span> <span class='ocrx_word' id='word_1_29' title='bbox 1518 599 1745 654; x_wconf 79' lang='lat' dir='ltr'>Orestes</span> 
     </span>
    </p>

    <p class='ocr_par' dir='ltr' id='par_1_6' title="bbox 375 686 1783 755">
     <span class='ocr_line' id='line_1_6' title="bbox 375 686 1783 755; baseline -0.002 -14"><span class='ocrx_word' id='word_1_30' title='bbox 375 689 668 742; x_wconf 78' lang='lat' dir='ltr'><strong>Armatam</strong></span> <span class='ocrx_word' id='word_1_31' title='bbox 695 686 905 740; x_wconf 80' lang='lat' dir='ltr'><strong>facibus</strong></span> <span class='ocrx_word' id='word_1_32' title='bbox 929 690 1162 740; x_wconf 80' lang='lat' dir='ltr'><strong>matrem</strong></span> <span class='ocrx_word' id='word_1_33' title='bbox 1191 691 1247 739; x_wconf 88' lang='lat' dir='ltr'><strong>et</strong></span> <span class='ocrx_word' id='word_1_34' title='bbox 1271 687 1625 755; x_wconf 77' lang='lat' dir='ltr'><strong>serpentibus</strong></span> <span class='ocrx_word' id='word_1_35' title='bbox 1648 686 1783 740; x_wconf 82' lang='lat' dir='ltr'><strong>atris</strong></span> 
     </span>
    </p>

    <p class='ocr_par' dir='ltr' id='par_1_7' title="bbox 377 772 1794 930">
     <span class='ocr_line' id='line_1_7' title="bbox 377 772 1794 842; baseline -0.001 -14"><span class='ocrx_word' id='word_1_36' title='bbox 377 776 520 829; x_wconf 89' lang='lat' dir='ltr'><strong>Oum</strong></span> <span class='ocrx_word' id='word_1_37' title='bbox 541 773 698 841; x_wconf 81' lang='lat' dir='ltr'><strong>fugit,</strong></span> <span class='ocrx_word' id='word_1_38' title='bbox 727 773 1058 842; x_wconf 69' lang='lat' dir='ltr'><strong>ultricesque</strong></span> <span class='ocrx_word' id='word_1_39' title='bbox 1085 772 1278 826; x_wconf 86' lang='lat' dir='ltr'><strong>sedent</strong></span> <span class='ocrx_word' id='word_1_40' title='bbox 1303 773 1362 825; x_wconf 89' lang='lat' dir='ltr'><strong>in</strong></span> <span class='ocrx_word' id='word_1_41' title='bbox 1389 773 1581 826; x_wconf 86' lang='lat' dir='ltr'><strong>limine</strong></span> <span class='ocrx_word' id='word_1_42' title='bbox 1606 772 1794 827; x_wconf 74' lang='lat' dir='ltr'><strong>Dirae.</strong></span> 
     </span>
     <span class='ocr_line' id='line_1_8' title="bbox 445 858 1617 930; baseline 0 -17"><span class='ocrx_word' id='word_1_43' title='bbox 445 861 595 930; x_wconf 79' lang='lat' dir='ltr'><strong>Ergo</strong></span> <span class='ocrx_word' id='word_1_44' title='bbox 617 860 713 914; x_wconf 89' lang='lat' dir='ltr'><strong>ubi</strong></span> <span class='ocrx_word' id='word_1_45' title='bbox 739 859 996 928; x_wconf 75' lang='lat' dir='ltr'>concepit</span> <span class='ocrx_word' id='word_1_46' title='bbox 1021 858 1192 912; x_wconf 76' lang='lat' dir='ltr'><strong>furias</strong></span> <span class='ocrx_word' id='word_1_47' title='bbox 1215 859 1400 913; x_wconf 75' lang='lat' dir='ltr'><strong>evicta</strong></span> <span class='ocrx_word' id='word_1_48' title='bbox 1424 859 1617 914; x_wconf 84' lang='lat' dir='ltr'><strong>dolore</strong></span> 
     </span>
    </p>

    <p class='ocr_par' dir='ltr' id='par_1_8' title="bbox 379 945 1885 1016">
     <span class='ocr_line' id='line_1_9' title="bbox 379 945 1885 1016; baseline -0.001 -15"><span class='ocrx_word' id='word_1_49' title='bbox 379 946 744 1016; x_wconf 80' lang='lat' dir='ltr'><strong>Decrevitque</strong></span> <span class='ocrx_word' id='word_1_50' title='bbox 769 946 924 1014; x_wconf 89' lang='lat' dir='ltr'><strong>mori,</strong></span> <span class='ocrx_word' id='word_1_51' title='bbox 953 951 1170 1014; x_wconf 84' lang='lat' dir='ltr'><strong>tempus</strong></span> <span class='ocrx_word' id='word_1_52' title='bbox 1193 961 1379 1000; x_wconf 83' lang='lat' dir='ltr'><strong>secum</strong></span> <span class='ocrx_word' id='word_1_53' title='bbox 1404 945 1527 1014; x_wconf 77' lang='lat' dir='ltr'><strong>ipsa</strong></span> <span class='ocrx_word' id='word_1_54' title='bbox 1550 945 1885 1015; x_wconf 85' lang='lat' dir='ltr'><strong>modumque</strong></span> 
     </span>
    </p>

    <p class='ocr_par' dir='ltr' id='par_1_9' title="bbox 376 1031 1729 1103">
     <span class='ocr_line' id='line_1_10' title="bbox 376 1031 1729 1103; baseline 0.001 -17"><span class='ocrx_word' id='word_1_55' title='bbox 376 1033 582 1103; x_wconf 84' lang='lat' dir='ltr'><strong>Exigit,</strong></span> <span class='ocrx_word' id='word_1_56' title='bbox 610 1039 682 1102; x_wconf 81' lang='lat' dir='ltr'><strong>et,</strong></span> <span class='ocrx_word' id='word_1_57' title='bbox 709 1038 974 1087; x_wconf 74' lang='lat' dir='ltr'><strong>maestam</strong></span> <span class='ocrx_word' id='word_1_58' title='bbox 999 1031 1163 1086; x_wconf 91' lang='lat' dir='ltr'><strong>dictis</strong></span> <span class='ocrx_word' id='word_1_59' title='bbox 1187 1049 1445 1102; x_wconf 76' lang='lat' dir='ltr'><strong>aggressa</strong></span> <span class='ocrx_word' id='word_1_60' title='bbox 1468 1049 1729 1102; x_wconf 84' lang='lat' dir='ltr'><strong>sororem,</strong></span> 
     </span>
    </p>

    <p class='ocr_par' dir='ltr' id='par_1_10' title="bbox 377 1119 1798 1188">
     <span class='ocr_line' id='line_1_11' title="bbox 377 1119 1798 1188; baseline 0 -14"><span class='ocrx_word' id='word_1_61' title='bbox 377 1119 678 1174; x_wconf 82' lang='lat' dir='ltr'><strong>Consilium</strong></span> <span class='ocrx_word' id='word_1_62' title='bbox 705 1119 858 1173; x_wconf 81' lang='lat' dir='ltr'><strong>voitu</strong></span> <span class='ocrx_word' id='word_1_63' title='bbox 882 1119 1038 1187; x_wconf 85' lang='lat' dir='ltr'><strong>tegit,</strong></span> <span class='ocrx_word' id='word_1_64' title='bbox 1067 1135 1132 1172; x_wconf 79' lang='lat' dir='ltr'><strong>ac</strong></span> <span class='ocrx_word' id='word_1_65' title='bbox 1155 1135 1306 1188; x_wconf 87' lang='lat' dir='ltr'><strong>spem</strong></span> <span class='ocrx_word' id='word_1_66' title='bbox 1337 1119 1526 1174; x_wconf 69' lang='lat' dir='ltr'><strong>fronte</strong></span> <span class='ocrx_word' id='word_1_67' title='bbox 1549 1125 1798 1174; x_wconf 78' lang='lat' dir='ltr'><strong>serenat:</strong></span> 
     </span>
    </p>

    <p class='ocr_par' dir='ltr' id='par_1_11' title="bbox 379 1206 1711 1275">
     <span class='ocr_line' id='line_1_12' title="bbox 379 1206 1711 1275; baseline 0 -15"><span class='ocrx_word' id='word_1_68' title='bbox 379 1209 414 1236; x_wconf 90' lang='grc'>“</span> <span class='ocrx_word' id='word_1_69' title='bbox 433 1206 644 1274; x_wconf 86' lang='lat' dir='ltr'><strong>Inveni,</strong></span> <span class='ocrx_word' id='word_1_70' title='bbox 673 1221 948 1275; x_wconf 80' lang='lat' dir='ltr'><strong>germana,</strong></span> <span class='ocrx_word' id='word_1_71' title='bbox 975 1207 1437 1275; x_wconf 77' lang='lat' dir='ltr'><strong>viam,—gratare</strong></span> <span class='ocrx_word' id='word_1_72' title='bbox 1460 1208 1711 1261; x_wconf 82' lang='lat' dir='ltr'><strong>sorori-</strong></span> 
     </span>
    </p>

    <p class='ocr_par' dir='ltr' id='par_1_12' title="bbox 377 1291 1929 1362">
     <span class='ocr_line' id='line_1_13' title="bbox 377 1291 1929 1362; baseline 0.003 -16"><span class='ocrx_word' id='word_1_73' title='bbox 377 1294 531 1359; x_wconf 81' lang='lat' dir='ltr'><strong>Quae</strong></span> <span class='ocrx_word' id='word_1_74' title='bbox 554 1292 690 1346; x_wconf 87' lang='lat' dir='ltr'><strong>mihi</strong></span> <span class='ocrx_word' id='word_1_75' title='bbox 717 1291 913 1348; x_wconf 80' lang='lat' dir='ltr'><strong>reddat</strong></span> <span class='ocrx_word' id='word_1_76' title='bbox 935 1309 1080 1362; x_wconf 87' lang='lat' dir='ltr'><strong>eum,</strong></span> <span class='ocrx_word' id='word_1_77' title='bbox 1109 1293 1198 1346; x_wconf 86' lang='lat' dir='ltr'><strong>vel</strong></span> <span class='ocrx_word' id='word_1_78' title='bbox 1224 1310 1290 1348; x_wconf 87' lang='lat' dir='ltr'><strong>eo</strong></span> <span class='ocrx_word' id='word_1_79' title='bbox 1313 1311 1405 1348; x_wconf 87' lang='lat' dir='ltr'><strong>me</strong></span> <span class='ocrx_word' id='word_1_80' title='bbox 1428 1293 1607 1349; x_wconf 82' lang='lat' dir='ltr'><strong>solvat</strong></span> <span class='ocrx_word' id='word_1_81' title='bbox 1632 1301 1929 1350; x_wconf 80' lang='lat' dir='ltr'><strong>amantem.</strong></span> 
     </span>
    </p>

    <p class='ocr_par' dir='ltr' id='par_1_13' title="bbox 377 1380 1575 1450">
     <span class='ocr_line' id='line_1_14' title="bbox 377 1380 1575 1450; baseline -0.002 -14"><span class='ocrx_word' id='word_1_82' title='bbox 377 1381 585 1436; x_wconf 78' lang='lat' dir='ltr'><strong>Oceani</strong></span> <span class='ocrx_word' id='word_1_83' title='bbox 609 1380 773 1434; x_wconf 84' lang='lat' dir='ltr'><strong>finem</strong></span> <span class='ocrx_word' id='word_1_84' title='bbox 800 1381 958 1435; x_wconf 80' lang='lat' dir='ltr'><strong>iuxta</strong></span> <span class='ocrx_word' id='word_1_85' title='bbox 979 1381 1260 1450; x_wconf 89' lang='lat' dir='ltr'><strong>solemque</strong></span> <span class='ocrx_word' id='word_1_86' title='bbox 1285 1381 1575 1436; x_wconf 78' lang='lat' dir='ltr'><strong>cedentem</strong></span> 
     </span>
    </p>

    <p class='ocr_par' dir='ltr' id='par_1_14' title="bbox 376 1467 1893 1537">
     <span class='ocr_line' id='line_1_15' title="bbox 376 1467 1893 1537; baseline 0.001 -16"><span class='ocrx_word' id='word_1_87' title='bbox 376 1467 620 1522; x_wconf 85' lang='lat' dir='ltr'><strong>Ultimus</strong></span> <span class='ocrx_word' id='word_1_88' title='bbox 643 1467 984 1536; x_wconf 85' lang='lat' dir='ltr'><strong>Aethiopum</strong></span> <span class='ocrx_word' id='word_1_89' title='bbox 1009 1467 1164 1522; x_wconf 86' lang='lat' dir='ltr'><strong>locus</strong></span> <span class='ocrx_word' id='word_1_90' title='bbox 1188 1473 1285 1537; x_wconf 86' lang='lat' dir='ltr'><strong>est,</strong></span> <span class='ocrx_word' id='word_1_91' title='bbox 1317 1469 1408 1522; x_wconf 89' lang='lat' dir='ltr'><strong>ubi</strong></span> <span class='ocrx_word' id='word_1_92' title='bbox 1432 1468 1706 1523; x_wconf 74' lang='lat' dir='ltr'><strong>maximus</strong></span> <span class='ocrx_word' id='word_1_93' title='bbox 1733 1469 1893 1522; x_wconf 75' lang='lat' dir='ltr'><strong>Atlas</strong></span> 
     </span>
    </p>

    <p class='ocr_par' dir='ltr' id='par_1_15' title="bbox 375 1555 1809 1624">
     <span class='ocr_line' id='line_1_16' title="bbox 375 1555 1809 1624; baseline 0 -16"><span class='ocrx_word' id='word_1_94' title='bbox 375 1555 556 1608; x_wconf 78' lang='lat' dir='ltr'><strong>Axem</strong></span> <span class='ocrx_word' id='word_1_95' title='bbox 581 1571 773 1609; x_wconf 87' lang='lat' dir='ltr'><strong>umero</strong></span> <span class='ocrx_word' id='word_1_96' title='bbox 797 1559 1021 1624; x_wconf 82' lang='lat' dir='ltr'><strong>torquet</strong></span> <span class='ocrx_word' id='word_1_97' title='bbox 1048 1556 1220 1610; x_wconf 82' lang='lat' dir='ltr'><strong>steilis</strong></span> <span class='ocrx_word' id='word_1_98' title='bbox 1245 1557 1565 1610; x_wconf 79' lang='lat' dir='ltr'><strong>ardentibus</strong></span> <span class='ocrx_word' id='word_1_99' title='bbox 1588 1559 1775 1624; x_wconf 81' lang='lat' dir='ltr'><strong>aptum</strong></span> <span class='ocrx_word' id='word_1_100' title='bbox 1796 1574 1809 1608; x_wconf 72' lang='grc' dir='ltr'><strong>ε</strong></span> 
     </span>
    </p>

    <p class='ocr_par' dir='ltr' id='par_1_16' title="bbox 375 1641 1807 1709">
     <span class='ocr_line' id='line_1_17' title="bbox 375 1641 1807 1709; baseline -0.001 -13"><span class='ocrx_word' id='word_1_101' title='bbox 375 1641 522 1696; x_wconf 89' lang='lat' dir='ltr'><strong>Hinc</strong></span> <span class='ocrx_word' id='word_1_102' title='bbox 545 1642 683 1695; x_wconf 91' lang='lat' dir='ltr'><strong>mihi</strong></span> <span class='ocrx_word' id='word_1_103' title='bbox 707 1641 975 1708; x_wconf 76' lang='lat' dir='ltr'><strong>Massylae</strong></span> <span class='ocrx_word' id='word_1_104' title='bbox 1001 1643 1182 1709; x_wconf 77' lang='lat' dir='ltr'><strong>gentis</strong></span> <span class='ocrx_word' id='word_1_105' title='bbox 1207 1651 1514 1698; x_wconf 79' lang='lat' dir='ltr'><strong>monstrata</strong></span> <span class='ocrx_word' id='word_1_106' title='bbox 1538 1641 1807 1708; x_wconf 77' lang='lat' dir='ltr'><strong>sacerdos,</strong></span> 
     </span>
    </p>

    <p class='ocr_par' dir='ltr' id='par_1_17' title="bbox 376 1727 1761 1798">
     <span class='ocr_line' id='line_1_18' title="bbox 376 1727 1761 1798; baseline 0.001 -17"><span class='ocrx_word' id='word_1_107' title='bbox 376 1727 741 1797; x_wconf 82' lang='lat' dir='ltr'><strong>Hesperidum</strong></span> <span class='ocrx_word' id='word_1_108' title='bbox 767 1728 961 1797; x_wconf 87' lang='lat' dir='ltr'><strong>templi</strong></span> <span class='ocrx_word' id='word_1_109' title='bbox 989 1736 1186 1796; x_wconf 81' lang='lat' dir='ltr'><strong>custos,</strong></span> <span class='ocrx_word' id='word_1_110' title='bbox 1217 1729 1512 1798; x_wconf 80' lang='lat' dir='ltr'><strong>epulasque</strong></span> <span class='ocrx_word' id='word_1_111' title='bbox 1536 1727 1761 1782; x_wconf 78' lang='lat' dir='ltr'><strong>draconi</strong></span> 
     </span>
    </p>

    <p class='ocr_par' dir='ltr' id='par_1_18' title="bbox 375 1814 1823 1882">
     <span class='ocr_line' id='line_1_19' title="bbox 375 1814 1823 1882; baseline -0.001 -15"><span class='ocrx_word' id='word_1_112' title='bbox 375 1814 529 1880; x_wconf 79' lang='lat' dir='ltr'><strong>Quae</strong></span> <span class='ocrx_word' id='word_1_113' title='bbox 553 1814 722 1868; x_wconf 79' lang='lat' dir='ltr'><strong>dabat</strong></span> <span class='ocrx_word' id='word_1_114' title='bbox 745 1820 802 1867; x_wconf 83' lang='lat' dir='ltr'><strong>et</strong></span> <span class='ocrx_word' id='word_1_115' title='bbox 825 1831 1012 1870; x_wconf 81' lang='lat' dir='ltr'><strong>sacros</strong></span> <span class='ocrx_word' id='word_1_116' title='bbox 1038 1816 1295 1870; x_wconf 78' lang='lat' dir='ltr'><strong>servabat</strong></span> <span class='ocrx_word' id='word_1_117' title='bbox 1321 1817 1377 1870; x_wconf 91' lang='lat' dir='ltr'><strong>in</strong></span> <span class='ocrx_word' id='word_1_118' title='bbox 1404 1816 1599 1870; x_wconf 80' lang='lat' dir='ltr'><strong>arbore</strong></span> <span class='ocrx_word' id='word_1_119' title='bbox 1622 1831 1823 1882; x_wconf 77' lang='lat' dir='ltr'><strong>ramos,</strong></span> 
     </span>
    </p>

    <p class='ocr_par' dir='ltr' id='par_1_19' title="bbox 373 1902 1829 1972">
     <span class='ocr_line' id='line_1_20' title="bbox 373 1902 1829 1972; baseline -0.001 -16"><span class='ocrx_word' id='word_1_120' title='bbox 373 1903 646 1972; x_wconf 80' lang='lat' dir='ltr'><strong>Spargens</strong></span> <span class='ocrx_word' id='word_1_121' title='bbox 673 1902 858 1956; x_wconf 79' lang='lat' dir='ltr'><strong>umida</strong></span> <span class='ocrx_word' id='word_1_122' title='bbox 883 1902 1046 1957; x_wconf 78' lang='lat' dir='ltr'><strong>melle</strong></span> <span class='ocrx_word' id='word_1_123' title='bbox 1071 1903 1549 1972; x_wconf 79' lang='lat' dir='ltr'><strong>soporiferumque</strong></span> <span class='ocrx_word' id='word_1_124' title='bbox 1572 1917 1829 1970; x_wconf 78' lang='lat' dir='ltr'><strong>papaver.</strong></span> 
     </span>
    </p>

    <p class='ocr_par' dir='ltr' id='par_1_20' title="bbox 374 1989 1863 2059">
     <span class='ocr_line' id='line_1_21' title="bbox 374 1989 1863 2059; baseline -0.001 -16"><span class='ocrx_word' id='word_1_125' title='bbox 374 1989 526 2045; x_wconf 77' lang='lat' dir='ltr'><strong>Haec</strong></span> <span class='ocrx_word' id='word_1_126' title='bbox 550 2007 610 2044; x_wconf 89' lang='lat' dir='ltr'><strong>se</strong></span> <span class='ocrx_word' id='word_1_127' title='bbox 635 1991 968 2054; x_wconf 60' lang='lat' dir='ltr'><strong>carminibus</strong></span> <span class='ocrx_word' id='word_1_128' title='bbox 997 1991 1276 2059; x_wconf 81' lang='lat' dir='ltr'><strong>promittit</strong></span> <span class='ocrx_word' id='word_1_129' title='bbox 1301 1990 1517 2044; x_wconf 83' lang='lat' dir='ltr'><strong>solvere</strong></span> <span class='ocrx_word' id='word_1_130' title='bbox 1540 1995 1769 2049; x_wconf 82' lang='lat' dir='ltr'><strong>mentes,</strong></span> <span class='ocrx_word' id='word_1_131' title='bbox 1851 1995 1863 2006; x_wconf 85' lang='lat'><em>&#39;</em></span> 
     </span>
    </p>

    <p class='ocr_par' dir='ltr' id='par_1_21' title="bbox 373 2076 1684 2150">
     <span class='ocr_line' id='line_1_22' title="bbox 373 2076 1684 2150; baseline -0.005 -16"><span class='ocrx_word' id='word_1_132' title='bbox 373 2078 522 2144; x_wconf 83' lang='lat' dir='ltr'><strong>Quas</strong></span> <span class='ocrx_word' id='word_1_133' title='bbox 549 2079 696 2150; x_wconf 80' lang='lat' dir='ltr'><strong>velit,</strong></span> <span class='ocrx_word' id='word_1_134' title='bbox 724 2085 810 2135; x_wconf 80' lang='lat' dir='ltr'><strong>ast</strong></span> <span class='ocrx_word' id='word_1_135' title='bbox 835 2079 957 2133; x_wconf 79' lang='lat' dir='ltr'><strong>eliis</strong></span> <span class='ocrx_word' id='word_1_136' title='bbox 983 2078 1149 2131; x_wconf 83' lang='lat' dir='ltr'><strong>duras</strong></span> <span class='ocrx_word' id='word_1_137' title='bbox 1172 2076 1473 2130; x_wconf 86' lang='lat' dir='ltr'><strong>immittere</strong></span> <span class='ocrx_word' id='word_1_138' title='bbox 1498 2092 1684 2142; x_wconf 78' lang='lat' dir='ltr'><strong>cures3</strong></span> 
     </span>
    </p>

    <p class='ocr_par' dir='ltr' id='par_1_22' title="bbox 373 2163 1759 2236">
     <span class='ocr_line' id='line_1_23' title="bbox 373 2163 1759 2236; baseline -0.004 -16"><span class='ocrx_word' id='word_1_139' title='bbox 373 2165 578 2221; x_wconf 84' lang='lat' dir='ltr'><strong>Sistere</strong></span> <span class='ocrx_word' id='word_1_140' title='bbox 603 2185 800 2236; x_wconf 79' lang='lat' dir='ltr'><strong>aquam</strong></span> <span class='ocrx_word' id='word_1_141' title='bbox 825 2165 1021 2232; x_wconf 88' lang='lat' dir='ltr'><strong>fluviis,</strong></span> <span class='ocrx_word' id='word_1_142' title='bbox 1053 2169 1109 2218; x_wconf 85' lang='lat' dir='ltr'><strong>et</strong></span> <span class='ocrx_word' id='word_1_143' title='bbox 1137 2171 1352 2218; x_wconf 80' lang='lat' dir='ltr'><strong>vertere</strong></span> <span class='ocrx_word' id='word_1_144' title='bbox 1378 2163 1557 2217; x_wconf 77' lang='lat' dir='ltr'><strong>sidera</strong></span> <span class='ocrx_word' id='word_1_145' title='bbox 1580 2169 1759 2226; x_wconf 82' lang='lat' dir='ltr'><strong>retr03</strong></span> 
     </span>
    </p>

    <p class='ocr_par' dir='ltr' id='par_1_23' title="bbox 373 2250 1655 2324">
     <span class='ocr_line' id='line_1_24' title="bbox 373 2250 1655 2324; baseline -0.003 -18"><span class='ocrx_word' id='word_1_146' title='bbox 373 2252 798 2324; x_wconf 86' lang='lat' dir='ltr'><strong>Nocturnosque</strong></span> <span class='ocrx_word' id='word_1_147' title='bbox 823 2254 933 2308; x_wconf 86' lang='lat' dir='ltr'><strong>ciet</strong></span> <span class='ocrx_word' id='word_1_148' title='bbox 959 2252 1166 2318; x_wconf 75' lang='lat' dir='ltr'><strong>Manis3</strong></span> <span class='ocrx_word' id='word_1_149' title='bbox 1206 2251 1419 2320; x_wconf 81' lang='lat' dir='ltr'><strong>mugire</strong></span> <span class='ocrx_word' id='word_1_150' title='bbox 1443 2250 1655 2304; x_wconf 81' lang='lat' dir='ltr'><strong>videbis</strong></span> 
     </span>
    </p>

    <p class='ocr_par' dir='ltr' id='par_1_24' title="bbox 372 2337 1947 2410">
     <span class='ocr_line' id='line_1_25' title="bbox 372 2337 1947 2410; baseline -0.002 -18"><span class='ocrx_word' id='word_1_151' title='bbox 372 2339 487 2394; x_wconf 86' lang='lat' dir='ltr'><strong>Sub</strong></span> <span class='ocrx_word' id='word_1_152' title='bbox 510 2341 744 2410; x_wconf 85' lang='lat' dir='ltr'><strong>pedibus</strong></span> <span class='ocrx_word' id='word_1_153' title='bbox 767 2347 988 2407; x_wconf 79' lang='lat' dir='ltr'><strong>terram,</strong></span> <span class='ocrx_word' id='word_1_154' title='bbox 1017 2349 1074 2393; x_wconf 88' lang='lat' dir='ltr'><strong>et</strong></span> <span class='ocrx_word' id='word_1_155' title='bbox 1099 2338 1431 2392; x_wconf 83' lang='lat' dir='ltr'><strong>descendere</strong></span> <span class='ocrx_word' id='word_1_156' title='bbox 1456 2337 1739 2392; x_wconf 85' lang='lat' dir='ltr'><strong>montibus</strong></span> <span class='ocrx_word' id='word_1_157' title='bbox 1764 2351 1947 2389; x_wconf 80' lang='lat' dir='ltr'><strong>ornos.</strong></span> 
     </span>
    </p>

    <p class='ocr_par' dir='ltr' id='par_1_25' title="bbox 371 2424 1701 2498">
     <span class='ocr_line' id='line_1_26' title="bbox 371 2424 1701 2498; baseline -0.002 -19"><span class='ocrx_word' id='word_1_158' title='bbox 371 2424 579 2495; x_wconf 82' lang='lat' dir='ltr'><strong>Testor,</strong></span> <span class='ocrx_word' id='word_1_159' title='bbox 609 2445 751 2498; x_wconf 82' lang='lat' dir='ltr'><strong>cara,</strong></span> <span class='ocrx_word' id='word_1_160' title='bbox 780 2428 915 2483; x_wconf 89' lang='lat' dir='ltr'><strong>deos</strong></span> <span class='ocrx_word' id='word_1_161' title='bbox 941 2436 998 2482; x_wconf 82' lang='lat' dir='ltr'><strong>et</strong></span> <span class='ocrx_word' id='word_1_162' title='bbox 1023 2433 1096 2493; x_wconf 87' lang='lat' dir='ltr'><strong>te,</strong></span> <span class='ocrx_word' id='word_1_163' title='bbox 1127 2441 1405 2493; x_wconf 74' lang='lat' dir='ltr'><strong>germana,</strong></span> <span class='ocrx_word' id='word_1_164' title='bbox 1436 2429 1701 2492; x_wconf 85' lang='lat' dir='ltr'><strong>tuumque</strong></span> 
     </span>
    </p>

    <p class='ocr_par' dir='ltr' id='par_1_26' title="bbox 369 2510 1745 2584">
     <span class='ocr_line' id='line_1_27' title="bbox 369 2510 1745 2584; baseline -0.002 -19"><span class='ocrx_word' id='word_1_165' title='bbox 369 2511 546 2566; x_wconf 91' lang='lat' dir='ltr'><strong>Dulce</strong></span> <span class='ocrx_word' id='word_1_166' title='bbox 571 2522 751 2584; x_wconf 77' lang='lat' dir='ltr'><strong>caput,</strong></span> <span class='ocrx_word' id='word_1_167' title='bbox 780 2515 1018 2583; x_wconf 75' lang='lat' dir='ltr'><strong>magicas</strong></span> <span class='ocrx_word' id='word_1_168' title='bbox 1044 2513 1273 2566; x_wconf 76' lang='lat' dir='ltr'><strong>invitem</strong></span> <span class='ocrx_word' id='word_1_169' title='bbox 1300 2510 1573 2578; x_wconf 75' lang='lat' dir='ltr'><strong>accingier</strong></span> <span class='ocrx_word' id='word_1_170' title='bbox 1596 2510 1745 2564; x_wconf 78' lang='lat' dir='ltr'><strong>artis.</strong></span> 
     </span>
    </p>

    <p class='ocr_par' dir='ltr' id='par_1_27' title="bbox 370 2597 1683 2672">
     <span class='ocr_line' id='line_1_28' title="bbox 370 2597 1683 2672; baseline -0.002 -21"><span class='ocrx_word' id='word_1_171' title='bbox 370 2597 452 2651; x_wconf 90' lang='lat' dir='ltr'><strong>Tu</strong></span> <span class='ocrx_word' id='word_1_172' title='bbox 477 2608 690 2656; x_wconf 79' lang='lat' dir='ltr'><strong>secreta</strong></span> <span class='ocrx_word' id='word_1_173' title='bbox 715 2619 907 2672; x_wconf 78' lang='lat' dir='ltr'><strong>pyram</strong></span> <span class='ocrx_word' id='word_1_174' title='bbox 932 2607 1084 2656; x_wconf 89' lang='lat' dir='ltr'><strong>tecto</strong></span> <span class='ocrx_word' id='word_1_175' title='bbox 1109 2600 1373 2654; x_wconf 86' lang='lat' dir='ltr'><strong>interiore</strong></span> <span class='ocrx_word' id='word_1_176' title='bbox 1398 2599 1499 2652; x_wconf 86' lang='lat' dir='ltr'><strong>sub</strong></span> <span class='ocrx_word' id='word_1_177' title='bbox 1524 2613 1683 2651; x_wconf 77' lang='lat' dir='ltr'><strong>auras</strong></span> 
     </span>
    </p>

    <p class='ocr_par' dir='ltr' id='par_1_28' title="bbox 369 2683 1783 2757">
     <span class='ocr_line' id='line_1_29' title="bbox 369 2683 1783 2757; baseline -0.002 -18"><span class='ocrx_word' id='word_1_178' title='bbox 369 2685 552 2756; x_wconf 86' lang='lat' dir='ltr'><strong>Erige,</strong></span> <span class='ocrx_word' id='word_1_179' title='bbox 583 2694 639 2742; x_wconf 92' lang='lat' dir='ltr'><strong>et</strong></span> <span class='ocrx_word' id='word_1_180' title='bbox 663 2705 816 2743; x_wconf 79' lang='lat' dir='ltr'><strong>arma</strong></span> <span class='ocrx_word' id='word_1_181' title='bbox 841 2689 962 2757; x_wconf 81' lang='lat' dir='ltr'><strong>viri,</strong></span> <span class='ocrx_word' id='word_1_182' title='bbox 995 2687 1237 2742; x_wconf 74' lang='lat' dir='ltr'><strong>thalamo</strong></span> <span class='ocrx_word' id='word_1_183' title='bbox 1263 2703 1403 2757; x_wconf 77' lang='lat' dir='ltr'><strong>quae</strong></span> <span class='ocrx_word' id='word_1_184' title='bbox 1426 2685 1539 2738; x_wconf 80' lang='lat' dir='ltr'><strong>fixa</strong></span> <span class='ocrx_word' id='word_1_185' title='bbox 1562 2683 1783 2752; x_wconf 85' lang='lat' dir='ltr'><strong>reliquit</strong></span> 
     </span>
    </p>

    <p class='ocr_par' dir='ltr' id='par_1_29' title="bbox 369 2769 1801 2842">
     <span class='ocr_line' id='line_1_30' title="bbox 369 2769 1801 2842; baseline -0.001 -18"><span class='ocrx_word' id='word_1_186' title='bbox 369 2770 592 2841; x_wconf 89' lang='lat' dir='ltr'><strong>Impius,</strong></span> <span class='ocrx_word' id='word_1_187' title='bbox 622 2774 955 2842; x_wconf 79' lang='lat' dir='ltr'><strong>exuviasque</strong></span> <span class='ocrx_word' id='word_1_188' title='bbox 981 2773 1174 2842; x_wconf 87' lang='lat' dir='ltr'><strong>omnis,</strong></span> <span class='ocrx_word' id='word_1_189' title='bbox 1207 2772 1523 2840; x_wconf 85' lang='lat' dir='ltr'><strong>lectumque</strong></span> <span class='ocrx_word' id='word_1_190' title='bbox 1547 2769 1801 2839; x_wconf 73' lang='lat' dir='ltr'><strong>iugalem,</strong></span> 
     </span>
    </p>

    <p class='ocr_par' dir='ltr' id='par_1_30' title="bbox 370 2857 1661 2929">
     <span class='ocr_line' id='line_1_31' title="bbox 370 2857 1661 2929; baseline -0.002 -16"><span class='ocrx_word' id='word_1_191' title='bbox 370 2858 494 2923; x_wconf 82' lang='lat' dir='ltr'><strong>Quo</strong></span> <span class='ocrx_word' id='word_1_192' title='bbox 519 2860 672 2928; x_wconf 84' lang='lat' dir='ltr'><strong>perii,</strong></span> <span class='ocrx_word' id='word_1_193' title='bbox 701 2861 1147 2929; x_wconf 78' lang='lat' dir='ltr'><strong>superimpones:</strong></span> <span class='ocrx_word' id='word_1_194' title='bbox 1188 2859 1408 2914; x_wconf 78' lang='lat' dir='ltr'><strong>abolere</strong></span> <span class='ocrx_word' id='word_1_195' title='bbox 1432 2857 1661 2912; x_wconf 74' lang='lat' dir='ltr'><strong>nefandi</strong></span> 
     </span>
    </p>
   </div>
   <div class='ocr_carea' id='block_1_3' title="bbox 369 2940 2047 3012">
    <p class='ocr_par' dir='ltr' id='par_1_31' title="bbox 369 2940 2047 3012">
     <span class='ocr_line' id='line_1_32' title="bbox 369 2940 2047 3012; baseline -0.003 -14"><span class='ocrx_word' id='word_1_196' title='bbox 369 2945 585 3000; x_wconf 79' lang='lat' dir='ltr'><strong>Cuncta.</strong></span> <span class='ocrx_word' id='word_1_197' title='bbox 610 2947 716 3000; x_wconf 80' lang='lat' dir='ltr'><strong>viri</strong></span> <span class='ocrx_word' id='word_1_198' title='bbox 739 2953 1100 3001; x_wconf 82' lang='lat' dir='ltr'><strong>monumenta</strong></span> <span class='ocrx_word' id='word_1_199' title='bbox 1123 2945 1296 3012; x_wconf 76' lang='lat' dir='ltr'><strong>iuvet,</strong></span> <span class='ocrx_word' id='word_1_200' title='bbox 1330 2948 1713 3012; x_wconf 80' lang='lat' dir='ltr'><strong>monstratque</strong></span> <span class='ocrx_word' id='word_1_201' title='bbox 1736 2940 2047 2996; x_wconf 72' lang='lat' dir='ltr'><strong>sacerdos.”</strong></span> 
     </span>
    </p>
   </div>
   <div class='ocr_carea' id='block_1_4' title="bbox 365 3031 1925 3536">
    <p class='ocr_par' dir='ltr' id='par_1_32' title="bbox 365 3031 1925 3448">
     <span class='ocr_line' id='line_1_33' title="bbox 370 3031 1671 3102; baseline -0.002 -16"><span class='ocrx_word' id='word_1_202' title='bbox 370 3032 521 3088; x_wconf 80' lang='lat' dir='ltr'><strong>Haec</strong></span> <span class='ocrx_word' id='word_1_203' title='bbox 547 3033 714 3088; x_wconf 79' lang='lat' dir='ltr'><strong>effata</strong></span> <span class='ocrx_word' id='word_1_204' title='bbox 737 3034 875 3101; x_wconf 87' lang='lat' dir='ltr'><strong>silet,</strong></span> <span class='ocrx_word' id='word_1_205' title='bbox 907 3033 1081 3102; x_wconf 73' lang='lat' dir='ltr'><strong>pallor</strong></span> <span class='ocrx_word' id='word_1_206' title='bbox 1105 3031 1268 3086; x_wconf 88' lang='lat' dir='ltr'><strong>simul</strong></span> <span class='ocrx_word' id='word_1_207' title='bbox 1295 3039 1533 3099; x_wconf 76' lang='lat' dir='ltr'><strong>occupat</strong></span> <span class='ocrx_word' id='word_1_208' title='bbox 1557 3046 1671 3084; x_wconf 79' lang='lat' dir='ltr'><strong>ora.</strong></span> 
     </span>
     <span class='ocr_line' id='line_1_34' title="bbox 368 3115 1845 3188; baseline -0.003 -15"><span class='ocrx_word' id='word_1_209' title='bbox 368 3119 496 3174; x_wconf 87' lang='lat' dir='ltr'><strong>Non</strong></span> <span class='ocrx_word' id='word_1_210' title='bbox 523 3131 706 3175; x_wconf 82' lang='lat' dir='ltr'><strong>tamen</strong></span> <span class='ocrx_word' id='word_1_211' title='bbox 736 3122 902 3174; x_wconf 76' lang='lat' dir='ltr'><strong>Anna</strong></span> <span class='ocrx_word' id='word_1_212' title='bbox 926 3120 1082 3173; x_wconf 83' lang='lat' dir='ltr'><strong>novis</strong></span> <span class='ocrx_word' id='word_1_213' title='bbox 1107 3125 1431 3188; x_wconf 77' lang='lat' dir='ltr'><strong>praetexere</strong></span> <span class='ocrx_word' id='word_1_214' title='bbox 1456 3117 1649 3170; x_wconf 79' lang='lat' dir='ltr'><strong>funera</strong></span> <span class='ocrx_word' id='word_1_215' title='bbox 1674 3115 1845 3169; x_wconf 76' lang='lat' dir='ltr'><strong>sacris</strong></span> 
     </span>
     <span class='ocr_line' id='line_1_35' title="bbox 369 3203 1719 3274; baseline -0.002 -15"><span class='ocrx_word' id='word_1_216' title='bbox 369 3207 700 3262; x_wconf 76' lang='lat' dir='ltr'><strong>Germanatn</strong></span> <span class='ocrx_word' id='word_1_217' title='bbox 727 3206 920 3274; x_wconf 88' lang='lat' dir='ltr'><strong>credit,</strong></span> <span class='ocrx_word' id='word_1_218' title='bbox 950 3221 1054 3259; x_wconf 89' lang='lat' dir='ltr'><strong>nec</strong></span> <span class='ocrx_word' id='word_1_219' title='bbox 1077 3209 1266 3259; x_wconf 77' lang='lat' dir='ltr'><strong>tantos</strong></span> <span class='ocrx_word' id='word_1_220' title='bbox 1287 3210 1477 3257; x_wconf 88' lang='lat' dir='ltr'><strong>mente</strong></span> <span class='ocrx_word' id='word_1_221' title='bbox 1502 3203 1719 3256; x_wconf 79' lang='lat' dir='ltr'><strong>furores</strong></span> 
     </span>
     <span class='ocr_line' id='line_1_36' title="bbox 367 3286 1925 3363; baseline -0.004 -17"><span class='ocrx_word' id='word_1_222' title='bbox 367 3293 642 3362; x_wconf 85' lang='lat' dir='ltr'><strong>Concipit,</strong></span> <span class='ocrx_word' id='word_1_223' title='bbox 671 3299 766 3348; x_wconf 78' lang='lat' dir='ltr'><strong>aut</strong></span> <span class='ocrx_word' id='word_1_224' title='bbox 788 3294 1050 3363; x_wconf 76' lang='lat' dir='ltr'><strong>graviore</strong></span> <span class='ocrx_word' id='word_1_225' title='bbox 1073 3293 1234 3346; x_wconf 89' lang='lat' dir='ltr'><strong>timet</strong></span> <span class='ocrx_word' id='word_1_226' title='bbox 1278 3307 1443 3360; x_wconf 79' lang='lat' dir='ltr'><strong>quam</strong></span> <span class='ocrx_word' id='word_1_227' title='bbox 1468 3294 1649 3342; x_wconf 86' lang='lat' dir='ltr'><strong>morte</strong></span> <span class='ocrx_word' id='word_1_228' title='bbox 1674 3286 1925 3355; x_wconf 75' lang='lat' dir='ltr'><strong>Sychaei.</strong></span> 
     </span>
     <span class='ocr_line' id='line_1_37' title="bbox 365 3378 878 3448; baseline 0.004 -17"><span class='ocrx_word' id='word_1_229' title='bbox 365 3378 513 3448; x_wconf 83' lang='lat' dir='ltr'><strong>Ergo</strong></span> <span class='ocrx_word' id='word_1_230' title='bbox 537 3379 682 3434; x_wconf 80' lang='lat' dir='ltr'><strong>iussa</strong></span> <span class='ocrx_word' id='word_1_231' title='bbox 703 3384 878 3448; x_wconf 76' lang='lat' dir='ltr'><strong>parat.</strong></span> 
     </span>
    </p>

    <p class='ocr_par' dir='ltr' id='par_1_33' title="bbox 437 3463 1855 3536">
     <span class='ocr_line' id='line_1_38' title="bbox 437 3463 1855 3536; baseline -0.003 -18"><span class='ocrx_word' id='word_1_232' title='bbox 437 3468 517 3518; x_wconf 83' lang='lat' dir='ltr'><strong>At</strong></span> <span class='ocrx_word' id='word_1_233' title='bbox 539 3466 744 3536; x_wconf 76' lang='lat' dir='ltr'><strong>regina,</strong></span> <span class='ocrx_word' id='word_1_234' title='bbox 771 3481 910 3535; x_wconf 76' lang='lat' dir='ltr'><strong>pyra</strong></span> <span class='ocrx_word' id='word_1_235' title='bbox 931 3465 1204 3534; x_wconf 78' lang='lat' dir='ltr'><strong>penetrali</strong></span> <span class='ocrx_word' id='word_1_236' title='bbox 1229 3467 1284 3520; x_wconf 89' lang='lat' dir='ltr'><strong>in</strong></span> <span class='ocrx_word' id='word_1_237' title='bbox 1313 3464 1441 3520; x_wconf 84' lang='lat' dir='ltr'><strong>sede</strong></span> <span class='ocrx_word' id='word_1_238' title='bbox 1466 3463 1757 3524; x_wconf 77' lang='lat' dir='ltr'><strong>subauras</strong></span> <span class='ocrx_word' id='word_1_239' title='bbox 1850 3503 1855 3507; x_wconf 88' lang='grc'>.</span> 
     </span>
    </p>
   </div>
   <div class='ocr_carea' id='block_1_5' title="bbox 2307 515 2409 569">
    <p class='ocr_par' dir='ltr' id='par_1_34' title="bbox 2307 515 2409 569">
     <span class='ocr_line' id='line_1_39' title="bbox 2307 515 2409 569; baseline 0 -2"><span class='ocrx_word' id='word_1_240' title='bbox 2307 515 2409 569; x_wconf 76' lang='grc'><strong>470</strong></span> 
     </span>
    </p>
   </div>
   <div class='ocr_carea' id='block_1_6' title="bbox 2306 947 2407 1000">
    <p class='ocr_par' dir='ltr' id='par_1_35' title="bbox 2306 947 2407 1000">
     <span class='ocr_line' id='line_1_40' title="bbox 2306 947 2407 1000; baseline -0.01 -1"><span class='ocrx_word' id='word_1_241' title='bbox 2306 947 2407 1000; x_wconf 77' lang='grc'><strong>475</strong></span> 
     </span>
    </p>
   </div>
   <div class='ocr_carea' id='block_1_7' title="bbox 2304 1381 2409 1435">
    <p class='ocr_par' dir='ltr' id='par_1_36' title="bbox 2304 1381 2409 1435">
     <span class='ocr_line' id='line_1_41' title="bbox 2304 1381 2409 1435; baseline -0.01 0"><span class='ocrx_word' id='word_1_242' title='bbox 2304 1381 2409 1435; x_wconf 85' lang='grc'><strong>480</strong></span> 
     </span>
    </p>
   </div>
   <div class='ocr_carea' id='block_1_8' title="bbox 2302 1817 2403 1868">
    <p class='ocr_par' dir='ltr' id='par_1_37' title="bbox 2302 1817 2403 1868">
     <span class='ocr_line' id='line_1_42' title="bbox 2302 1817 2403 1868; baseline -0.01 0"><span class='ocrx_word' id='word_1_243' title='bbox 2302 1817 2403 1868; x_wconf 75' lang='grc'><strong>485</strong></span> 
     </span>
    </p>
   </div>
   <div class='ocr_carea' id='block_1_9' title="bbox 2298 2250 2405 2300">
    <p class='ocr_par' dir='ltr' id='par_1_38' title="bbox 2298 2250 2405 2300">
     <span class='ocr_line' id='line_1_43' title="bbox 2298 2250 2405 2300; baseline 0 0"><span class='ocrx_word' id='word_1_244' title='bbox 2298 2250 2405 2300; x_wconf 85' lang='lat'><strong>490</strong></span> 
     </span>
    </p>
   </div>
   <div class='ocr_carea' id='block_1_10' title="bbox 2298 2685 2401 2736">
    <p class='ocr_par' dir='ltr' id='par_1_39' title="bbox 2298 2685 2401 2736">
     <span class='ocr_line' id='line_1_44' title="bbox 2298 2685 2401 2736; baseline 0.019 -2"><span class='ocrx_word' id='word_1_245' title='bbox 2298 2685 2401 2736; x_wconf 84' lang='lat'><strong>495</strong></span> 
     </span>
    </p>
   </div>
   <div class='ocr_carea' id='block_1_11' title="bbox 2296 3116 2403 3168">
    <p class='ocr_par' dir='ltr' id='par_1_40' title="bbox 2296 3116 2403 3168">
     <span class='ocr_line' id='line_1_45' title="bbox 2296 3116 2403 3168; baseline 0.019 -2"><span class='ocrx_word' id='word_1_246' title='bbox 2296 3116 2403 3168; x_wconf 82' lang='lat'><strong>500</strong></span> 
     </span>
    </p>
   </div>
  </div>
 </body>
</html>
