2725 3892
989 218 1266 269 VERGILI
1309 216 1639 267 AENEIDOS
1682 212 1770 266 XI.

371 383 586 439 Aureus
611 398 680 437 ex
703 396 898 437 umero
923 386 1084 436 sonat
1109 396 1270 435 arcus
1295 386 1351 434 et
1377 396 1532 433 arma
1556 378 1785 433 Dianae.

365 470 468 526 Illa
490 471 673 536 etiam,
697 470 742 523 si
767 468 988 538 quando
1011 468 1069 521 in
1097 458 1312 535 tergum
1339 465 1761 541 pulsatrecessit,

365 556 584 627 Spicula
606 571 875 619 converso
900 554 1166 623 fugientia
1187 531 1564 621 derigifdaffinss

364 647 445 698 At
469 645 676 698 circum
702 643 878 697 lectae
904 642 1150 709 comites,
1179 641 1489 709 Larinaque
1514 639 1671 707 virgo
1976 678 1991 714 q.
2012 668 2019 675 ·
2044 708 2051 717 ·
2075 648 2081 659 ‘
2122 652 2132 661 ·
2192 660 2211 679 ι
2294 636 2397 691 655

363 730 626 801 Tullaque
654 734 710 784 et
735 736 976 783 aeratam
1003 714 1256 797 quatiens
1279 728 1513 804 Tarpeia
1536 725 1787 790 securim,
1819 725 1828 757 ἴ
1884 719 1902 745 “

362 817 601 885 Italides,
631 834 765 886 quas
789 818 909 885 ipsa
933 815 1100 869 decus
1125 815 1227 869 sibi
1255 814 1348 876 dja
1378 812 1609 867 Camilla

363 903 598 973 Delegit,
625 905 886 972 pacisque
912 903 1084 956 bonas
1109 900 1347 969 bellique
1375 899 1684 953 ministras:

365 992 567 1057 Quales
590 990 876 1044 Threiciae
901 1004 1026 1043 cum
1051 988 1279 1041 flumina
1305 984 1733 1040 Thermodontis

335 1077 592 1149 ¹.Pulsant
617 1082 673 1131 et
699 1077 862 1145 pictis
889 1074 1162 1129 bellantur
1189 1074 1508 1128 Amazones
1532 1072 1713 1140 armis,
2293 1074 2399 1124 660

357 1146 472 1219 ‘Seu
495 1166 700 1219 circum
731 1162 1086 1233 Hippolyten,
1115 1178 1212 1217 seu
1235 1178 1360 1216 cum
1387 1176 1445 1215 se
1470 1159 1675 1213 Martia
1696 1174 1861 1213 curru
1913 1229 1932 1246 r
1982 1190 1987 1197 ·
2354 1153 2364 1165 '

361 1251 714 1307 Penthesilea
735 1252 926 1319 refert,
953 1264 1266 1319 magnoque
1293 1247 1541 1303 ululante
1566 1244 1810 1299 tumultu
1890 1237 1908 1255 ”

361 1338 622 1394 Feminea
645 1338 924 1393 exsultant
945 1338 1150 1392 lunatis
1173 1334 1593 1405 agmina-peltis.
1652 1350 1755 1397 μή·
1806 1351 1811 1361 ·

363 1426 539 1491 Quem
565 1426 680 1480 telo
703 1426 960 1494 primum,
989 1440 1150 1493 quem
1177 1429 1533 1493 postremum,
1570 1435 1764 1488 aspera
1788 1418 1960 1488 virgo,

361 1513 563 1581 Deicis,
592 1518 688 1567 aut
713 1519 848 1582 quot
875 1512 1025 1573 humi
1050 1510 1344 1565 morientia
1363 1524 1597 1578 corpora
1624 1506 1843 1560 fundis?
2294 1506 2399 1558 ⁸65

361 1598 611 1654 Euneum
641 1600 828 1668 Clytio
853 1600 1091 1668 primum
1117 1604 1302 1667 pati-03
1343 1597 1499 1651 cuius
1523 1598 1775 1664 apertum

361 1686 600 1741 Adversi
624 1687 788 1756 longa
809 1686 1222 1741 transverberat
1245 1684 1427 1739 abiete
1450 1689 1657 1752 pectus.

361 1774 652 1843 Sanguinis
677 1773 769 1827 ille
793 1788 1020 1827 vomens
1045 1771 1194 1826 rive's
1217 1771 1380 1841 cadit,
1408 1776 1573 1839 atque
1598 1773 1881 1824 cruentam

361 1859 576 1921 Mandit
601 1860 844 1930 humum,
873 1862 1222 1929 moriensque
1247 1872 1346 1912 suo
1372 1858 1516 1911 sein
1540 1856 1769 1911 volnere
1793 1860 1993 1909 versat.

361 1946 500 1999 Tum
525 1946 714 2014 Lirim,
743 1947 1121 2016 Pagasumque
1147 1962 1339 2016 super3
1386 1962 1618 2015 quorum
1648 1946 1787 2001 alter
1812 1945 2054 2000 habenas
2294 1946 2401 2001 670

361 2033 606 2087 Suffosso
629 2033 912 2088 revolutus
936 2050 1078 2102 equo
1103 2034 1235 2087 dum
1261 2034 1485 2102 colligit,
1514 2033 1654 2089 alter

361 2120 510 2173 Dum
535 2120 684 2174 subit
709 2138 771 2175 ac
797 2120 1043 2175 dextram
1073 2122 1280 2175 labenti
1305 2122 1487 2175 tendit
1511 2122 1795 2194 inermem,

360 2206 700 2275 Praecipites
722 2208 1038 2277 pariterque
1063 2211 1246 2263 ruunt.
1321 2206 1425 2263 His
1448 2194 1603 2264 addit
1628 2212 1951 2267 Amastrum

339 2288 728 2365 'Hippotaden,
751 2296 1106 2365 sequiturque
1129 2296 1454 2350 incumbens
1478 2300 1693 2353 eminus
1717 2300 1877 2354 hasta

279 2420 287 2438 .
361 2374 640 2449 Tereaque
667 2365 1148 2451 Harpalycumque
1175 2388 1232 2436 et
1259 2382 1687 2452 Demophoonta
1710 2384 2130 2453 Chromimqu03
2295 2384 2399 2441 ⁸75

361 2466 620 2534 Quotque
643 2468 842 2521 emissa
864 2484 1032 2523 manu
1057 2469 1324 2522 contorsit
1347 2470 1557 2538 spicula
1580 2470 1753 2539 virgo,

361 2553 468 2607 Tot
491 2552 722 2623 Phrygii
747 2555 998 2609 cecidere
1023 2556 1142 2609 viri.
1217 2556 1423 2610 Procul
1448 2557 1694 2624 Ornytus
1720 2557 1887 2611 armis
1918 2608 1927 2631 ‹-

362 2640 574 2709 Ignotis
601 2647 658 2696 et
682 2658 823 2711 equo
847 2647 1080 2695 venator
1105 2641 1312 2710 Iapyge
1337 2644 1533 2712 fertur,

363 2728 467 2782 Cui
489 2728 650 2796 pellis
673 2728 814 2783 latos
839 2716 1057 2783 umeros
1082 2734 1273 2798 erepta
1297 2730 1533 2784 iuvenco

359 2812 664 2884 Pugnatori
689 2814 883 2884 operit,
911 2822 1081 2884 caput
1104 2816 1298 2893 ingens
1323 2817 1437 2869 oris
1460 2816 1645 2871 hiatus
2296 2822 2401 2873 680

359 2900 434 2955 Et
457 2902 635 2957 malae
659 2896 984 2974 texere'lupi
1011 2918 1134 2956 cum
1163 2901 1423 2956 dentibus
1448 2902 1600 2971 albis,

361 2988 722 3057 Agrestisque
745 2993 941 3042 manus
967 2994 1143 3043 armat
1167 3004 1389 3058 sparus;
1434 2990 1551 3059 ipse
1575 2992 1812 3045 catervis

362 3074 618 3131 Vertitur
642 3076 702 3128 in
727 3074 936 3143 mediis,
969 3080 1028 3129 et
1051 3080 1172 3129 toto
1198 3076 1407 3129 vertice
1436 3094 1602 3146 supra
1625 3084 1726 3133 est.

363 3161 526 3214 Hunc
547 3160 645 3215 illa
667 3166 978 3230 exceptum,
1007 3178 1186 3231 neque
1211 3162 1357 3216 enim
1382 3162 1553 3232 labor,
1584 3166 1803 3233 agmine
1829 3180 2003 3233 verse,

361 3248 580 3317 Traicit,
611 3253 667 3302 et
692 3264 855 3317 super
879 3248 1016 3303 haec
1041 3249 1266 3303 inimico
1293 3255 1521 3319 pectore
1544 3252 1725 3307 fatur:
2294 3254 2397 3305 685

363 3338 398 3367 ‘⁴
419 3336 581 3390 Silvis
613 3340 686 3403 te,
715 3334 1016 3403 Tyrrheno,
1044 3336 1190 3391 feras
1215 3338 1427 3407 agitare
1450 3339 1695 3409 putasti?

363 3422 609 3477 Advenit
633 3422 725 3493 qui
751 3428 937 3477 vestra
959 3422 1078 3478 dies
1099 3424 1465 3480 muliebribus
1490 3426 1657 3480 armis

361 3508 552 3564 Verba
576 3510 934 3581 redarguerit.
1010 3510 1228 3567 Nomen
1256 3517 1443 3567 tamen
1472 3512 1619 3568 haud
1642 3494 1763 3567 seve
1790 3516 2010 3582 patrum
2098 3520 2144 3565 ι-
