2725 3892
955 194 1234 255 mem
1277 198 1611 254 mames
1656 198 1748 252 113⁴

340 369 444 423 Tot
469 366 658 439 populi
684 368 888 423 misere
911 368 1108 431 ducem
1149 380 1255 419 nec
1281 378 1455 434 parva
1478 368 1737 433 sequetur

342 456 533 511 Gloria
556 454 802 509 delectos
827 454 988 510 Latio
1014 458 1071 507 et
1095 451 1463 507 Laurentibus
1488 450 1649 522 agris.

336 543 439 597 Est
464 548 521 597 et
545 540 880 595 Volscorum
905 538 1126 610 egregia
1149 539 1220 593 de
1244 543 1411 607 gente
1436 531 1688 603 Camilla,

337 630 558 698 Agmen
584 643 752 697 agens
776 628 1026 699 equitum
1051 631 1109 680 et
1131 624 1380 679 florentis
1404 640 1531 679 aere
1554 630 1817 677 catervas.

339 716 502 782 Quod
527 716 686 769 sime
711 714 885 769 solum
913 713 1110 768 Teucri
1136 711 1194 766 in
1217 711 1523 775 certamina
1546 714 1799 779 poscunt,

338 802 512 873 quue
535 800 733 871 placet,
763 806 1090 870 tantumque
1117 798 1280 853 bonis
1303 796 1687 852 communibus
1710 796 1889 863 obsto,

341 888 470 944 Non
497 889 636 943 adeo
661 888 761 942 has
787 903 952 943 exosa
977 902 1174 941 manus
1204 884 1459 939 Victoria
1479 883 1643 952 fugit,

339 976 418 1030 Ut
439 981 598 1035 tanta
621 975 908 1045 quicquam
935 978 1038 1043 pro
1063 988 1164 1041 spe
1187 975 1461 1040 temptare
1486 984 1747 1043 recusem.

339 1063 442 1117 Ibo
465 1063 662 1117 animis
685 1066 898 1129 contra,
927 1060 1014 1115 vel
1039 1074 1300 1128 magnum
1329 1062 1573 1126 praestet
1602 1056 1859 1110 Achillen

339 1150 615 1219 Factaque
643 1148 880 1203 Volcani
905 1146 1158 1202 manibus
1181 1144 1340 1214 paria
1351 1142 1561 1198 induat
1584 1158 1739 1197 arma

341 1237 440 1291 Ille
463 1237 610 1291 licet.
687 1235 868 1291 Vobis
891 1234 1131 1289 animam
1161 1233 1308 1287 hanc
1333 1244 1635 1299 soceroque
1658 1228 1859 1283 Latino

339 1324 556 1377 Turnus
581 1340 698 1391 ego,
727 1322 875 1377 haud
900 1321 998 1375 ulli
1025 1325 1272 1374 veterum
1303 1318 1511 1371 virtute
1534 1314 1820 1381 secundus,

342 1398 572 1465 Devovi.
651 1412 665 1439 ‘
681 1409 870 1463 Solum
895 1408 1114 1463 Aeneas
1141 1406 1340 1460 vocat)
1421 1402 1497 1456 Et
1522 1408 1681 1473 vocet
1707 1418 1840 1469 στος

341 1496 459 1551 Nec
483 1496 732 1551 Drances
754 1496 954 1566 potius,
983 1496 1100 1549 sive
1125 1498 1210 1548 est
1235 1492 1373 1545 haec
1398 1492 1481 1545 ira
1506 1490 1752 1557 deorum,

341 1584 521 1638 Morte
545 1584 679 1651 luat,
709 1584 826 1637 sive
851 1586 936 1637 est
959 1583 1138 1635 virtus
1165 1585 1224 1634 et
1247 1574 1683 1648 glorimtollatst’

409 1670 505 1728 Illi.
525 1671 662 1725 haec
679 1671 835 1723 inter
858 1686 916 1723 se
941 1668 1124 1722 dubiis
1147 1668 1216 1721 de
1243 1666 1407 1721 rebus
1430 1658 1673 1733 agebant

341 1758 660 1823 Certamen
701 1762 883 1815 castra
908 1756 1124 1809 Aeneas
1149 1755 1433 1823 aciemque
1456 1752 1731 1813 movebat.

339 1844 586 1899 Nuntius
609 1844 820 1913 ingenti
844 1860 944 1913 per
969 1843 1121 1911 regia
1145 1848 1293 1896 tecta
1315 1840 1559 1896 tumultu

339 1933 484 1986 Ecce
509 1932 635 1999 ruit,
667 1932 986 2000 magnisque
1009 1931 1204 1985 urbem
1229 1928 1533 1985 terroribus
1556 1929 1779 1999 implet:

343 2022 378 2049 ‘⁴
399 2019 706 2073 Instructos
729 2018 846 2072 acie
871 2018 1132 2073 Tiberino
1160 2035 1194 2072 a
1213 2017 1443 2071 flumine
1466 2016 1705 2087 Teucros

341 2106 794 2174 Tyrrhenamque
819 2115 1040 2159 manum
1071 2106 1204 2159 totis
1229 2104 1564 2158 descendere
1590 2104 1853 2175 campis.”

339 2192 638 2261 Extemplo
663 2192 872 2267 turba-ti
897 2192 1066 2247 animi
1091 2208 1465 2261 concussaque
1489 2192 1637 2261 volgi

341 2280 593 2347 Pectora,
621 2284 680 2333 et
703 2285 949 2335 arrectae
973 2278 1210 2334 stimulis
1237 2279 1387 2333 haud
1414 2279 1675 2335 mollibus
1696 2280 1828 2334 irae.

339 2370 520 2423 Arma
541 2382 709 2421 manu
733 2366 936 2436 trepidi
963 2371 1228 2437 poscunt;
1267 2366 1457 2421 fremit
1481 2382 1636 2421 arma
1658 2366 1931 2433 iuventus,

341 2456 505 2510 Fient
527 2454 723 2509 maesti
747 2460 1101 2524 mussantque
1125 2458 1326 2523 patres.
1402 2454 1509 2509 Hic
1534 2454 1775 2525 undique
1798 2453 2011 2509 clamor

341 2542 606 2597 Dissensu
629 2540 786 2597 vario
809 2557 1044 2609 magnus
1067 2558 1126 2595 se
1149 2541 1298 2597 tollit
1321 2541 1391 2596 ad
1416 2558 1605 2596 auras:

341 2628 505 2684 Haud
531 2644 689 2683 secus
712 2634 876 2698 atque
901 2628 1016 2683 alto
1042 2628 1100 2682 in
1123 2628 1252 2683 luco
1277 2645 1405 2683 cum
1432 2628 1577 2681 sorte
1600 2631 1856 2682 catervae

343 2714 656 2771 Consedere
681 2716 880 2784 avium,
910 2716 1194 2784 piscosove
1219 2730 1381 2770 amne
1406 2714 1655 2769 Padusae

340 2802 496 2857 Dant
520 2804 762 2857 sonitum
790 2802 942 2856 rauci
969 2818 1069 2871 per
1093 2806 1290 2869 stagna
1315 2785 1569 2869 loquacia
1592 2801 1769 2868 cycni.

345 2888 574 2943 “Immo
593 2889 624 2917 ”
653 2888 733 2943 ait
761 2890 794 2917 “
815 2905 849 2942 o
875 2888 1079 2955 civeS‚’'
1109 2892 1332 2955 arrepto
1359 2892 1614 2954 tempore
1637 2886 1869 2955 Turnus,

345 2978 378 3005 “
399 2976 595 3045 Cogite
619 2974 928 3041 concilium,
959 2980 1015 3029 et
1041 2990 1229 3043 pacem
1254 2972 1476 3026 laudate
1502 2972 1780 3028 sedentes:

341 3062 429 3116 Illi
456 3063 624 3117 armis
647 3062 706 3115 in
731 3078 903 3130 regna
926 3060 1156 3115 ruunt.”
1231 3058 1285 3112 N
1289 3075 1352 3112 ec
1378 3058 1537 3126 plura
1558 3060 1776 3114 locutus

342 3150 625 3218 Corripuit
646 3165 765 3203 sese
791 3156 848 3203 et
870 3148 1032 3203 tectis
1055 3147 1196 3201 citus
1221 3144 1422 3199 extulit
1446 3146 1585 3201 altis.

346 3240 378 3264 “
398 3236 496 3303 Tu,
527 3236 752 3302 Voluse‚
785 3234 984 3289 armari
1011 3232 1342 3287 Volscorum
1371 3233 1524 3287 edice
1551 3232 1842 3301 maniplis:

345 3326 376 3351 “
399 3323 519 3376 Duc
540 3322 572 3349 ”
603 3323 684 3377 ait
711 3324 745 3351 “
765 3326 822 3375 et
847 3320 1100 3375 Rutulos.
1175 3319 1451 3389 Equitem,
1482 3320 1783 3389 Messapus,
1808 3319 1867 3372 in
1894 3318 2077 3385 armis,

341 3408 414 3463 Et
438 3426 562 3464 cum
587 3409 760 3462 fratre
785 3407 973 3473 CoraS,
1001 3408 1126 3462 latis
1150 3406 1441 3463 diffundite
1468 3408 1712 3477 campis3

343 3495 479 3547 Pars
501 3494 685 3548 aditus
709 3494 862 3547 urbis
883 3494 1084 3563 firmet,
1111 3495 1389 3563 turrisque
1412 3500 1690 3563 capessat3

2270 364 2377 417 480

2270 798 2379 849 435

2270 2104 2377 2157 450

2268 2540 2377 2595 455

2268 2977 2379 3029 460

2268 3410 2377 3463 465
