2725 3892
977 199 1252 252 VERGILI
1296 203 1629 254 ,al-:mos
1674 203 1761 254 vl.

355 361 548 418 Ulmus
574 378 762 432 opaca,
791 364 1001 432 ingens,
1031 379 1196 432 quam
1217 363 1405 418 sedem
1430 365 1659 420 Somnia
1682 365 1847 433 volgo

354 449 517 505 Vana
541 455 734 504 tenere
757 449 962 518 ferunt,
989 449 1248 520 foliisque
1271 452 1375 506 sub
1400 452 1654 506 omnibus
1678 451 1928 506 haerent.

353 535 637 606 Multaque
659 543 950 607 praeterea
971 537 1246 592 variarum
1271 543 1523 593 monstra
1546 539 1789 592 ferarum

355 624 616 678 Centauri
641 624 700 678 in
723 624 936 678 foribus
962 625 1240 678 stabulant
1263 623 1584 694 Scyllaeque
1614 625 1877 678 biformes

353 710 426 764 Et
451 712 928 780 centumgeminus
951 711 1212 767 Briareus
1235 729 1300 766 ac
1325 711 1488 766 belua
1510 712 1739 778 Lernae,

355 797 568 852 Horren
576 797 708 852 dum
733 797 986 868 stridens,
1013 797 1356 867 flammisque
1381 804 1597 852 armata
1618 797 1928 864 Chimaera,

355 884 644 954 Gorgones
668 885 1056 954 Harpyiaeque
1081 891 1140 938 et
1163 886 1347 939 forma
1374 886 1695 954 tricorporis
1721 885 1965 938 umbrae.

356 972 601 1041 Corripit
624 972 714 1026 hic
737 973 923 1026 subita
947 972 1196 1041 trepidus
1221 972 1522 1026 formidine
1548 974 1761 1026 terrum

355 1058 590 1126 Aeneas,
617 1059 974 1128 strictamque
997 1061 1174 1114 aciem
1201 1059 1554 1112 venientibus
1578 1059 1781 1125 offam

355 1145 441 1214 Et,
468 1146 528 1198 ni
553 1146 718 1200 docta
741 1162 926 1200 comes
947 1147 1132 1200 tenuis
1157 1147 1276 1200 sine
1301 1162 1535 1214 corpore
1564 1147 1705 1200 vitas

356 1231 670 1286 Admoneat
693 1233 924 1287 volitare
949 1249 1085 1288 cava
1108 1234 1210 1288 sub
1237 1234 1477 1303 imagine
1501 1235 1731 1302 formae,

357 1319 562 1385 Inruat,
591 1325 648 1374 et
672 1319 876 1374 frustra
899 1320 1048 1375 ferro
1075 1321 1393 1376 diverberet
1420 1322 1663 1378 umbras.

428 1407 572 1462 Hinc
597 1407 706 1474 via,
733 1405 978 1462 Tartarei
1005 1425 1144 1478 qnae
1170 1409 1288 1463 fert
1313 1409 1653 1463 Acherontis
1675 1408 1745 1466 ad
1772 1407 1963 1462 undas.

355 1493 630 1547 Turbidus
651 1493 744 1548 hic
765 1511 938 1548 caeno
961 1503 1228 1566 vastaque
1252 1496 1517 1565 voragine
1542 1511 1745 1564 gurges

356 1583 594 1635 Aestuat
617 1587 782 1650 atque
806 1598 1026 1636 omnem
1051 1583 1264 1650 Cocyto
1290 1589 1507 1638 eructat
1531 1583 1813 1636 harenam.

357 1668 603 1722 Portitor
626 1667 728 1722 has
750 1667 1058 1724 horrendus
1083 1686 1254 1738 aquas
1279 1675 1338 1724 et
1359 1669 1590 1724 fiumina
1616 1674 1802 1722 servat

354 1755 607 1809 Terribili
632 1755 886 1824 squalore
912 1755 1150 1824 Charon,
1181 1756 1270 1811 cui
1295 1756 1533 1826 plurima
1564 1761 1755 1810 mento

355 1842 598 1897 Canities
620 1842 832 1896 inculta
851 1843 1009 1911 iacet,
1038 1849 1188 1898 stant
1211 1842 1423 1898 lumina
1446 1843 1681 1910 flamma,

355 1929 620 1984 Sordidus
644 1944 714 1982 ex
739 1929 944 1984 umeris
967 1930 1116 1984 nodo
1141 1931 1417 1999 dependet
1444 1931 1695 1984 amictus.

353 2015 480 2084 Ipse
503 2021 680 2071 ratem
706 2021 870 2070 conto
895 2015 1116 2085 subigit,
1145 2016 1390 2085 velisque
1416 2017 1709 2084 ministrat,

353 2102 428 2156 Et
447 2102 764 2170 ferruginea
785 2102 1074 2158 subvectat
1097 2119 1328 2172 corpora
1353 2103 1569 2169 cymba,

351 2188 473 2243 Iam
488 2189 700 2257 senior3
736 2189 1013 2245 sedcruda
1037 2189 1144 2244 deo
1168 2189 1469 2258 viridisque
1494 2193 1764 2242 senectus.

353 2273 480 2327 Huc
505 2273 686 2328 omnis
707 2275 874 2330 turba
895 2275 966 2329 ad
990 2275 1138 2344 ripas
1163 2274 1341 2328 effusa
1363 2274 1578 2340 ruebat,

352 2360 563 2416 Matres
586 2366 751 2430 atque
774 2362 898 2430 viri,
928 2361 1292 2430 defunctaque
1321 2377 1561 2430 corpora
1584 2361 1703 2416 vita

353 2446 766 2516 Magnanimum
790 2448 1037 2517 heroum,
1065 2448 1222 2518 pueri
1247 2449 1623 2517 innuptaeque
1646 2446 1876 2516 puellae,

352 2533 712 2604 Impositique
738 2537 882 2604 rogis
904 2537 1132 2590 invenes
1156 2541 1286 2590 ante
1311 2551 1410 2589 ora
1439 2541 1762 2603 parentum:

354 2620 529 2688 Quam
557 2622 732 2678 multa
755 2622 812 2676 in
837 2623 989 2678 silvis
1013 2623 1264 2678 autumni
1291 2622 1501 2691 frigore
1526 2622 1707 2691 primo

351 2709 526 2778 Lapsa
553 2709 758 2765 cadunt
781 2710 928 2775 folia,
957 2715 1056 2765 aut
1079 2711 1148 2764 ad
1174 2717 1379 2764 terram
1406 2710 1623 2778 gurg-ite
1648 2709 1719 2764 ab
1742 2708 1859 2764 alto

353 2795 532 2862 Quam
559 2796 766 2851 multae
788 2797 1168 2866 glomerantur
1191 2813 1335 2862 aves,
1368 2795 1465 2850 ubi
1491 2795 1729 2864 frigidus
1752 2811 1931 2850 annus

353 2881 528 2937 Trans
555 2889 784 2952 pontum
806 2883 966 2951 fugat
988 2888 1046 2936 et
1070 2883 1234 2938 terris
1255 2882 1513 2936 immittit
1536 2881 1754 2952 apricis.

353 2969 592 3024 Stabant
615 2974 837 3024 orantes
861 2969 1026 3038 primi
1049 2969 1429 3024 transmittere
1454 2985 1695 3038 cursum,

245 3073 254 3083 ·
352 3055 784 3124 Tendebantque
811 3072 1008 3111 manns
1029 3057 1186 3125 ripae
1213 3055 1495 3110 ulterioris
1520 3071 1725 3112 amore.

350 3141 560 3198 Navita
583 3141 680 3196 sed
705 3141 878 3196 tristis
903 3158 1049 3196 nunc
1071 3143 1176 3196 hos
1193 3159 1341 3196 nunc
1365 3142 1569 3210 accipit
1590 3141 1731 3208 illos

351 3228 460 3284 Ast
483 3228 624 3282 alios
647 3228 810 3296 longe
834 3227 1119 3282 submotos
1143 3234 1293 3282 arcet
1316 3228 1542 3281 harena.

352 3313 880 3369 Aeneas—miratus
904 3313 1048 3366 enim
1075 3320 1364 3383 motusque
1390 3312 1701 3367 tumultu—

355 3404 390 3430 “
405 3401 512 3456 Dic
531 3401 565 3428 ”
591 3400 685 3466 ait,
718 3401 752 3428 “
773 3415 806 3453 o
831 3399 1004 3468 virgo,
1032 3400 1164 3468 quid
1191 3400 1310 3454 volt
1333 3415 1635 3454 concursus
1658 3399 1727 3454 ad
1754 3397 2013 3456 amnem?

355 3487 572 3552 Quidve
596 3489 798 3555 petunt
823 3484 1072 3538 animae?
1113 3484 1198 3538 vel
1224 3501 1334 3554 quo
1359 3485 1683 3538 discrimine
1710 3487 1863 3556 ripas

2284 540 2387 592 285

2282 974 2388 1025 290

2286 1409 2389 1462 295

2285 1845 2389 1894 800

2284 2276 2387 2328 305

2286 2712 2389 2762 310

2286 3144 2389 3194 815
