2725 3892
923 148 1199 199 VERGILI
1244 148 1575 203 AENEIDOS
1618 152 1706 202 1x.

301 308 372 363 Et
392 310 574 363 fossas
598 308 827 377 implere
850 313 1052 378 parant
1077 326 1141 364 ac
1166 310 1371 365 vellere
1394 310 1619 366 vallum.

300 395 587 461 Quaerunt
610 410 739 465 pars
763 395 989 463 aditum,
1018 402 1075 449 et
1101 396 1261 451 scalis
1282 398 1580 453 ascendere
1607 416 1812 468 muros,

299 466 431 548 Qud
444 499 570 537 rara
594 486 679 536 est
703 481 851 535 acies
874 481 1273 550 interlucetque
1296 500 1504 538 corona
1555 488 1803 531 C-———-

297 569 349 623 N
354 585 427 623 on
451 575 565 622 tam
590 569 765 638 spissa
789 568 938 623 viris.
1010 568 1266 623 Telorum
1292 570 1583 627 effundere
1609 578 1808 628 contra

299 656 478 710 Omne
501 670 676 725 genus
699 654 895 710 Teucri
922 672 985 710 ac
1010 654 1161 709 duris
1188 656 1486 711 detrudere
1511 660 1707 728 contis,

298 741 537 797 Adsueti
559 740 728 810 longo
753 757 939 795 muros
962 740 1257 796 defendere
1283 741 1448 798 bello.

298 830 444 885 Saxa
468 845 683 899 quoque
707 828 909 883 infesto
935 827 1235 883 volvebant
1262 830 1525 901 pondere,
1555 834 1600 887 si
1627 852 1736 905 qua

297 915 531 971 Possent
553 919 755 971 tectam
780 916 955 970 aciem
982 932 1371 995 perrutnpere;
1417 937 1540 975 cum
1567 927 1749 978 tamen
1777 925 1956 979 omnis

1945 1006 2035 1061 A„
2050 1058 2087 1063 -

298 1088 352 1143 N
356 1106 418 1144 ec
440 1089 551 1143 iam
576 1088 867 1145 sufficiunt.
944 1089 1089 1145 Nam
1116 1091 1226 1167 'qua
1248 1099 1445 1167 globus
1469 1100 1722 1155 imminet
1743 1099 1952 1169 ingens,

297 1003 465 1057 Ferre
488 1003 642 1058 iuvat
667 1003 857 1057 subter
882 1004 1052 1057 densa
1081 1004 1360 1060 testudine
1383 1024 1555 1063 casus.

297 1176 601 1231 Immanem
628 1177 824 1233 Teucri
846 1179 1049 1235 molem
1082 1184 1424 1255 volvuntque
1449 1190 1739 1256 ruuntque,

300 1262 453 1328 Quae
478 1264 676 1319 stravit
702 1263 939 1320 Rutulos
962 1267 1088 1337 late,
1117 1288 1506 1343 armorumque
1533 1272 1757 1327 resolvit

298 1350 577 1419 Tegmina.
651 1351 771 1407 Nec
796 1362 995 1410 curant
1020 1374 1187 1412 caeco
1214 1359 1549 1413 contendere
1573 1358 1696 1413 Mar
1723 1376 1753 1413 e

298 1435 555 1507 Arnplius
578 1439 811 1496 audaces
836 1441 1042 1513 Rutuli,
1075 1444 1168 1498 sed
1196 1445 1402 1515 pellere
1428 1445 1572 1500 vallo

298 1528 594 1583 Missilibus
618 1532 851 1583 certant.

297 1596 465 1669 Parte
488 1614 595 1669 alia
618 1590 927 1671 horrendus
949 1620 1069 1673 visu
1100 1621 1392 1689 quassabat
1415 1620 1703 1675 Etruscam

298 1703 496 1757 Pinum
523 1706 579 1755 et
604 1701 898 1757 fumiferos
926 1704 1099 1759 infert
1124 1706 1428 1761 Mezentius
1451 1708 1624 1777 ignis;
1682 1710 1700 1739 ‘⁶
1813 1700 1822 1709 ’

298 1790 378 1843 At
402 1788 687 1857 Messapus
710 1804 911 1858 equum
938 1792 1197 1863 domitor,
1226 1790 1511 1864 Neptunia
1535 1796 1729 1864 proles,

296 1878 584 1934 Rescindit
608 1881 814 1936 vallum
838 1886 897 1935 et
919 1880 1095 1935 scalas
1116 1882 1175 1935 in
1198 1882 1420 1935 moenia
1442 1883 1640 1951 poscit.

368 1966 504 2037 Vos,
528 1984 561 2023 o
588 1968 849 2038 Calliope,
876 1984 1091 2038 precor,
1122 1968 1361 2037 aspirato
1387 1969 1622 2037 canenti,

298 2053 447 2120 Quas
469 2056 548 2109 ibi
572 2060 691 2109 tum
719 2057 872 2110 ferro
900 2062 1127 2123 strages,
1156 2070 1295 2123 quae
1319 2055 1518 2109 funera
1541 2053 1759 2109 Turnus

294 2140 563 2213 Ediderit,
590 2158 756 2212 quem
782 2143 1009 2211 quisque
1034 2141 1211 2195 virum
1238 2140 1524 2195 demiserit
1547 2141 1729 2211 Orcoj

292 2224 369 2283 Et
392 2245 609 2284 mecum
634 2229 874 2299 ingentis
898 2228 1287 2288 orassvolvite
1310 2228 1459 2283 belli.
1616 2214 1630 2290 Ι
1673 2236 1770 2292 νὴ
1833 2252 1850 2271 =

298 2314 393 2385 [Et
416 2316 739 2371 meministis
763 2316 927 2386 enim,
962 2316 1136 2385 divae,
1166 2320 1222 2370 et
1244 2332 1554 2370 memorare
1577 2297 1847 2386 pbtestisff

366 2402 555 2457 Turris
578 2408 698 2458 erat
720 2408 878 2459 vasto
904 2410 1157 2473 suspectu
1184 2407 1243 2457 et
1266 2403 1530 2471 pontibus
1553 2402 1694 2471 altis,

296 2489 628 2560 Opportuna
650 2488 789 2559 loco,
818 2492 1047 2545 summis
1072 2506 1233 2560 quam
1260 2490 1474 2545 viribus
1495 2505 1690 2544 omnes

294 2575 627 2649 Expugnare
650 2578 779 2634 Itali
802 2596 1123 2651 summaque
1148 2584 1402 2634 evertere
1426 2594 1594 2648 opum
1619 2578 1677 2632 vi

296 2665 626 2729 Certabant:
670 2667 841 2723 Troes
865 2678 1061 2724 contra
1084 2670 1386 2724 defendere
1413 2666 1556 2721 saxis

294 2750 512 2823 Perque
536 2768 699 2809 cavas
722 2754 875 2809 densi
900 2753 1013 2811 tela
1034 2756 1355 2826 intorquere
1379 2755 1668 2809 fenestras.

294 2837 560 2909 Princeps
584 2840 867 2895 ardentem
892 2843 1129 2897 coniecit
1152 2842 1411 2913 lampada
1433 2842 1664 2905 Turnus,

292 2924 367 2979 Et
390 2924 665 2981 flammam
692 2926 887 2983 adfixit
909 2927 1100 2998 lateri;
1142 2946 1280 3007 quae
1304 2928 1546 3000 plurima
1567 2932 1736 2983 vento

293 3012 577 3083 Corripuit
600 3015 817 3070 tabulas
841 3020 899 3070 et
920 3016 1171 3085 postibus
1196 3014 1376 3071 haesit
1403 3016 1595 3085 adesis.

292 3098 520 3154 Turbati
544 3101 821 3171 trepidare
844 3102 1008 3173 intus,
1036 3104 1351 3172 frustraque
1377 3102 1649 3157 malorum

292 3184 453 3241 Velle
478 3188 685 3256 fugam.
760 3188 907 3242 Dum
934 3206 991 3244 se
1016 3189 1339 3259 glomerant,
1369 3196 1630 3259 retroque
1651 3188 1904 3243 residunt

289 3271 357 3326 In
382 3278 615 3341 partem,
646 3290 783 3345 quae
806 3282 961 3345 peste
985 3282 1151 3342 caret,
1183 3284 1299 3330 tum
1324 3276 1572 3345 pondere
1595 3274 1766 3329 turris

288 3357 597 3413 Procubuit
620 3361 821 3429 subito,
848 3368 905 3415 et
928 3361 1137 3417 caelum
1164 3366 1325 3417 tonat
1346 3378 1512 3417 omne
1535 3362 1773 3431 fragore.

292 3442 605 3497 Semineces
628 3445 698 3500 ad
722 3452 941 3515 terram,
968 3448 1199 3502 immani
1224 3448 1372 3504 mole
1395 3438 1597 3515 secut&

2225 668 2331 720 610

2227 1102 2330 1154 615

2227 1536 2332 1588 620

2225 1971 2330 2025 525

2186 2382 2200 2401 ⁸
2223 2383 2330 2463 tiso

2223 2842 2328 2895 686
