2725 3892
975 215 1250 266 VERGILI
1291 213 1623 264 AENEIDOS
1668 212 1759 264 Vl.

353 378 506 434 Tunc
529 383 751 448 egomet
771 377 1044 432 tumulum
1070 375 1360 430 Rhoeteo
1345 391 1405 428 m
1430 373 1633 428 litore
1618 389 1841 428 manem

353 465 646 553 Constitui,
675 476 733 518 et
754 480 959 532 magna
979 462 1161 531 Manis
1185 469 1272 524 ter
1297 478 1435 516 voce
1462 461 1673 516 vocavi.

353 549 575 606 Nomen
597 556 656 605 et
679 567 832 606 arma
853 551 1038 612 locum
1059 554 1318 617 servant3
1357 555 1431 616 te,
1462 549 1653 614 amice,
1680 546 1905 617 nequivi

355 637 685 707 Conspicere
710 642 770 691 et
791 628 972 707 patria
993 635 1266 692 decedens
1289 651 1499 705 ponere
1525 633 1731 689 terra”

355 725 446 778 Ad
471 741 610 794 quae
633 724 1031 778 Priamidesz‘
1035 721 1222 776 ‘Nihil
1249 739 1282 776 o
1308 722 1413 775 tibi
1440 721 1615 776 amice
1636 720 1925 788 relictum3

355 810 556 865 Omnia
577 810 872 879 Deiphobo
895 809 1110 865 solvisti
1137 813 1194 864 et
1217 808 1433 863 funeris
1460 808 1687 863 umbris.
1774 810 1783 820 '

357 898 466 952 Sed
488 913 578 952 me
601 897 718 952 fata
741 913 866 952 mea
889 902 948 951 et
969 887 1144 950 scelus
1169 895 1393 950 exitiale
1422 894 1707 950 Lacaenae

358 984 460 1038 His
483 999 724 1038 mersere
747 984 940 1056 malis3
981 981 1076 1050 illa
1099 982 1237 1036 haec
1263 987 1629 1038 monumenta
1654 983 1892 1053 reliquit.

357 1071 609 1140 Namque
634 1076 695 1124 ut
712 1085 1022 1140 supremam
1047 1069 1186 1124 falsa
1209 1069 1354 1124 inter
1382 1050 1583 1142 gaudia
1603 1077 1827 1126 noctem

355 1157 657 1226 Egerimus‚
688 1157 864 1225 nosti3
905 1159 964 1212 et
987 1157 1220 1210 nimium
1251 1157 1569 1211 meminisse
1592 1173 1817 1212 necesse
1841 1163 1942 1212 est.

345 1237 496 1299 'Cum
520 1244 705 1299 fatalis
730 1260 900 1313 equus
923 1243 1066 1298 saltu
1095 1261 1260 1312 super
1285 1244 1461 1298 ardua
1482 1245 1639 1298 venit

355 1331 624 1402 Pergama
647 1337 705 1386 et
728 1336 998 1386 amatum
1025 1331 1270 1402 peditem
1297 1332 1481 1400 gravis
1504 1331 1695 1386 attulit
1718 1329 1857 1399 alvu,

353 1418 472 1488 Illa,
501 1419 730 1473 chorum
754 1417 1034 1486 simulans,
1058 1418 1312 1472 euhantis
1335 1418 1493 1487 orgia
1514 1419 1723 1472 circum

355 1505 607 1560 Ducebat
631 1503 932 1574 Phrygias3
975 1504 1252 1566 flammam
1277 1499 1499 1560 media'
1484 1521 1604 1573 ipsa
1626 1505 1853 1560 tenebat

356 1577 658 1662 Ingentem,
683 1596 741 1645 et
765 1587 984 1647 summa
1006 1593 1230 1648 Danaos
1255 1609 1326 1646 ex
1349 1609 1477 1647 arce
1504 1592 1755 1647 vocabat.

353 1679 490 1734 Tum
515 1695 620 1746 me,
650 1679 970 1734 consectum
997 1679 1144 1734 curis
1167 1695 1471 1748 somnoque
1495 1683 1801 1746 gravatum,

355 1765 556 1821 Infelix
583 1766 776 1821 habuit
800 1767 1092 1832 thalamus,
1121 1757 1433 1836 pressitque
1456 1767 1739 1822 iacentem

354 1853 544 1908 Dulcis
567 1865 624 1908 et
649 1853 760 1908 alta
787 1847 942 1923 quies
966 1853 1324 1922 placidaeque
1349 1853 1630 1908 simillima
1652 1853 1837 1908 morti.

353 1940 592 2010 Egregiis
613 1941 828 1996 interea
847 1941 1092 1994 coniunx
1117 1957 1272 1997 arma
1295 1941 1483 1994 omnia
1506 1940 1669 2002 tectis

354 2028 612 2098 Amovet„
641 2033 698 2082 et
720 2028 890 2082 fidum
919 2029 1090 2096 capiti
1114 2027 1455 2082 subduxerat
1480 2043 1701 2094 ensem3

355 2116 514 2172 Intra
533 2122 684 2173 tecta
709 2124 870 2173 vocat
895 2117 1226 2182 Menelaum,
1253 2121 1310 2170 et
1333 2115 1527 2170 limina
1550 2115 1761 2184 pandit,

357 2203 580 2264 Scilicet
599 2205 658 2258 id
680 2221 942 2274 magnum
969 2220 1196 2274 sperans
1217 2203 1338 2258 fore
1361 2217 1563 2255 munus
1586 2203 1809 2269 amanti,

355 2290 432 2346 Et
453 2289 656 2347 famam
681 2293 958 2362 exstingui
987 2297 1240 2346 veterum
1267 2289 1348 2344 sic
1370 2305 1531 2358 posse
1554 2289 1844 2342 malorum.

357 2379 505 2445 Quid
527 2381 749 2436 moror?
789 2381 1117 2448 inrumpunt
1145 2377 1423 2444 thalsm03
1462 2391 1647 2430 eomes
1671 2375 1893 2430 additur
1919 2391 2030 2432 una

355 2467 625 2523 Hortator
647 2448 930 2524 scelerum*
941 2468 1220 2522 Aeolides.
1235 2489 1268 2498 ’-
1300 2465 1391 2546 Di,
1420 2463 1553 2518 talia
1576 2463 1739 2518 Grais

357 2553 683 2625 Instant-ate,
710 2557 804 2626 pio
836 2555 882 2610 si
907 2573 1112 2625 poenas
1141 2571 1238 2609 ore
1263 2567 1509 2622 reposco.

357 2639 463 2696 Sed
489 2647 546 2697 te
569 2644 662 2712 qui
687 2644 876 2697 vivum
901 2659 1072 2709 casus,
1103 2659 1222 2711 age,
1249 2642 1373 2697 sare
1400 2638 1655 2717 uicissim,

358 2727 680 2784 Attulerint.
753 2729 1017 2798 Pelagine
1043 2730 1198 2784 venis
1225 2727 1511 2784 erroribus
1538 2731 1707 2792 actus,

357 2815 452 2870 An
475 2811 693 2870 monitu
715 2815 938 2878 divom?
977 2831 1259 2885 an—quae
1285 2819 1344 2870 te
1370 2814 1619 2868 Fortuna
1642 2811 1851 2881 fatigat,

357 2901 436 2955 Ut
458 2903 632 2958 tristis
654 2903 774 2957 sine
797 2903 912 2958 sole
937 2904 1147 2972 domos,
1173 2904 1297 2958 loca
1323 2902 1563 2972 turbida,
1596 2900 1777 2956 adires
1796 2901 1818 2954 ἵ
1838 2898 1873 2928 ”

357 2988 478 3053 Hac
503 2990 622 3044 vice
645 3005 964 3044 sermonum
987 2971 1162 3047 roseis
1189 2990 1413 3062 Aurora
1442 2989 1725 3059 quadrigis

356 3073 474 3130 Iam
497 3075 736 3130 medium
763 3076 1012 3131 aetherio
1037 3093 1200 3130 cursu
1226 3078 1519 3132 traiecerat
1544 3093 1733 3145 axem3

356 3161 430 3215 Et
451 3161 570 3216 fors
593 3177 758 3216 omne
779 3160 973 3216 datum
997 3163 1286 3216 traherent
1311 3179 1413 3231 per
1437 3163 1573 3221 tolia
1595 3168 1845 3232 tempus;

357 3246 467 3302 Sed
491 3261 678 3302 comes
700 3247 989 3302 admonuit
1013 3247 1362 3320 breviterque
1389 3249 1581 3306 adfata
1604 3249 1815 3316 Sibylla
1840 3253 1955 3304 est:

343 3337 395 3414 Γ
413 3330 541 3388 Nox
563 3335 692 3402 ruit,
721 3334 912 3388 Aenea
931 3353 946 3402 ς
986 3351 1088 3388 nos
1111 3333 1294 3388 flendo
1319 3335 1573 3391 ducimus
1596 3335 1781 3390 horas.

358 3417 466 3474 Hic
490 3419 644 3473 locus
667 3425 766 3488 est,
794 3419 974 3489 partis
996 3420 1092 3483 ubi
1119 3436 1176 3473 se
1201 3421 1294 3474 via
1317 3421 1481 3474 findit
1505 3421 1565 3474 in
1590 3421 1813 3476 ambas:

358 3503 604 3560 Dextera
627 3519 768 3574 quae
790 3505 942 3560 Ditis
965 3506 1149 3574 magni
1175 3506 1276 3559 sub
1302 3507 1523 3560 moenia
1546 3506 1748 3564 tend-it.

2280 376 2383 428 506

2282 810 2389 862 510

2284 1247 2388 1300 515

2286 1683 2392 1735 520

2286 2119 2389 2172 525

2286 2554 2393 2606 580

2290 2989 2392 3040 585

2296 3415 2403 3466 540
