2725 3892
983 177 1257 230 vanem
1301 179 1631 230 AENEmos
1674 179 1743 231 11.

348 338 623 408 Raptores
644 344 766 393 atra
784 337 841 391 in
867 337 1079 405 nebula,
1107 353 1245 406 quos
1268 338 1523 406 improba
1546 338 1756 392 ventris

347 424 551 494 Exegit
573 440 764 479 caecos
787 423 982 493 rabien
1011 423 1288 492 catulique
1311 424 1491 478 relicti

349 511 619 566 Faucibus
643 515 970 579 exspectant
993 511 1165 579 siccis,
1194 527 1294 579 per
1317 511 1443 578 tela,
1472 528 1569 580 per
1594 511 1768 566 hostis

351 597 620 654 Vadimus
643 597 794 653 haud
815 597 1038 652 dubiam
1063 597 1120 650 in
1143 601 1393 664 mortem,
1420 597 1741 668 mediaeque
1764 605 2017 656 tenemus

351 685 516 738 Urbis
540 685 672 752 iter;
713 700 825 738 nox
843 687 964 738 atra
989 700 1124 738 cava
1147 683 1509 738 circumvolat
1536 685 1742 740 umbra.

351 771 489 837 Quis
513 771 722 825 cladem
748 770 892 824 illius
915 771 1110 840 noctis,
1141 771 1262 840 quis
1286 770 1487 824 funera
1508 771 1677 826 fando

349 857 618 928 Explicet,
647 862 743 912 aut
768 857 942 927 possit
963 857 1205 912 lacrimis
1229 873 1465 927 aequare
1487 857 1740 914 labores?

351 944 499 999 Urbs
523 944 751 1013 antiqua
773 943 901 1012 ruit,
929 942 1136 996 multos
1159 943 1445 1000 dominata
1468 960 1567 1012 per
1591 961 1799 1013 annos3

349 1029 597 1086 Plurima
617 1045 825 1100 perque
849 1029 966 1084 vias
989 1035 1310 1084 sternuntur
1333 1031 1535 1084 inertia
1558 1031 1757 1100 passim

353 1119 602 1186 Corpora
627 1133 832 1186 perque
856 1115 1050 1170 domos
1075 1123 1130 1170 et
1153 1115 1408 1185 religiosa
1429 1115 1659 1170 deorum

351 1204 581 1259 Limina.
656 1201 776 1258 Nee
799 1202 903 1257 soli
928 1217 1134 1272 poenas
1155 1201 1292 1256 dant
1309 1203 1575 1270 sauguine
1598 1202 1823 1271 Teucri3

351 1290 642 1357 Quondam
669 1289 836 1344 etiam
862 1288 1020 1343 victis
1045 1289 1188 1344 redit
1211 1290 1270 1342 in
1293 1289 1618 1357 praecordia
1640 1290 1817 1344 virtus

351 1376 717 1446 Victoresque
744 1375 840 1430 ead
848 1379 948 1430 unt
971 1375 1166 1430 Danai.
1245 1374 1501 1430 Crudelis
1522 1376 1725 1445 ubique

351 1463 572 1530 Luctus,
599 1463 802 1532 ubique
823 1479 1012 1532 pavor,
1041 1467 1097 1516 et
1120 1462 1355 1531 plurima
1370 1462 1565 1516 mortis
1589 1463 1789 1532 image.

423 1549 642 1603 Primus
665 1565 724 1604 se
749 1550 1019 1618 Danaum,
1047 1566 1246 1618 magna
1267 1551 1575 1606 comitante
1596 1556 1835 1620 caterva,

352 1635 680 1704 Androgeos
705 1635 868 1690 offert
886 1635 1062 1705 nobis,
1088 1637 1239 1690 socia
1259 1637 1483 1704 agmina
1502 1636 1731 1692 credens

353 1725 578 1794 Inscius,
599 1729 764 1794 atque
789 1723 933 1779 ultro
957 1723 1144 1778 verbis
1168 1723 1467 1793 compellat
1488 1727 1704 1782 amicis:

353 1814 388 1841 “
401 1811 698 1880 Festinato,
727 1812 844 1866 viri.
920 1811 1066 1867 Nam
1092 1829 1234 1882 quae
1256 1819 1374 1867 tam
1398 1829 1523 1868 sera
1546 1819 1791 1868 moratur

352 1897 658 1967 Segnities?
696 1897 790 1952 alii
815 1900 1038 1970 rapiunt
1057 1901 1286 1956 incensa
1307 1900 1607 1970 feruntque

353 1990 621 2062 Pergama
639 2013 652 2062 3
691 2011 796 2049 vos
813 1993 970 2049 celsis
989 2009 1140 2048 nuno
1161 1993 1401 2063 primum
1428 2009 1463 2046 a
1482 1992 1717 2047 navibus
1738 1990 1886 2046 itis.”

350 2077 522 2148 Dixit,
551 2085 610 2136 et
633 2082 925 2152 extemplo,
951 2099 1131 2152 neque
1156 2085 1302 2138 enim
1326 2099 1591 2152 responsa
1614 2081 1888 2136 dabantur

351 2165 491 2220 Fida
513 2169 660 2238 satis,
689 2169 862 2224 sensit
885 2169 1098 2224 medios
1119 2169 1377 2239 delapsus
1398 2170 1457 2224 in
1481 2169 1673 2224 hostis.

353 2251 650 2322 Obstipuit,
678 2261 936 2324 retroque
958 2256 1152 2324 pedem
1179 2273 1305 2311 cum
1329 2272 1465 2311 voce
1488 2257 1765 2325 repressit.

349 2337 720 2407 Improvisum
743 2343 920 2412 aspris
941 2342 1114 2396 veluti
1141 2343 1231 2412 qui
1255 2342 1503 2397 sentibus
1526 2358 1762 2410 anguem

349 2423 558 2479 Pressit
581 2425 736 2481 humi
760 2429 959 2496 nitens,
986 2427 1343 2497 trepidusque
1366 2433 1592 2496 repente
1617 2428 1827 2496 refugit

351 2511 718 2567 Attollentem
745 2515 857 2568 iras
881 2520 938 2568 et
961 2514 1179 2568 caerula
1197 2513 1336 2567 oolla
1359 2518 1667 2567 tumentem
1688 2531 1703 2580 ;

349 2597 514 2653 Haud
537 2615 694 2654 secus
717 2600 1046 2669 Androgeos
1071 2601 1190 2653 visu
1217 2600 1586 2664 tremefactus,
1596 2599 1799 2654 abibat.

349 2683 642 2754 Inruimus,
669 2685 853 2741 densis
877 2691 934 2740 et
957 2687 1454 2740 circumfundimur
1477 2688 1659 2756 armis,

348 2771 682 2842 Ignarosqne
704 2772 810 2826 loci
836 2772 1040 2842 passim
1065 2777 1123 2827 et
1143 2773 1445 2828 formidine
1468 2779 1659 2844 captos

347 2857 670 2913 Stoi-nimus.
743 2858 972 2928 Aspirat
991 2860 1174 2928 primo
1197 2861 1424 2916 fortuna
1444 2861 1637 2916 labori.

348 2943 536 3014 Atque
559 2945 651 3000 hic
675 2962 926 3001 successu
952 2947 1232 3004 exsultans
1254 2948 1561 3018 animisque
1584 2948 1867 3002 Coroebus

349 3032 387 3062 ‘⁴
403 3029 454 3084 Ο
479 3031 629 3100 socii,
652 3049 761 3102 qna
783 3034 962 3104 prima
981 3033 1213 3103 ”inquit
1241 3036 1274 3066 ‘⁴
1288 3035 1514 3089 fortuna
1537 3035 1730 3090 salutis

346 3115 622 3173 Monstrat
643 3119 765 3189 iter,
794 3136 1010 3189 quaque
1035 3121 1277 3176 ostendit
1299 3138 1362 3176 se
1383 3121 1594 3190 dextra,
1616 3137 1936 3191 sequamur:

351 3201 625 3258 Mutamus
649 3205 867 3276 clipeos,
897 3206 1260 3276 Danaumque
1283 3209 1521 3277 insignia
1546 3209 1707 3262 nobis

348 3290 636 3360 Aptcmus.
709 3291 886 3347 Dolus
909 3310 982 3348 an
999 3295 1193 3364 virtus,
1222 3295 1344 3363 quis
1368 3295 1427 3348 in
1452 3294 1612 3348 hoste
1636 3293 1917 3364 requirat?

348 3378 524 3432 Arma
545 3377 756 3433 dabunt
777 3379 938 3448 ipsi.”
1009 3379 1102 3434 Sic
1125 3381 1288 3449 fatus,
1316 3379 1515 3434 deinde
1538 3385 1848 3434 comantem

347 3463 631 3534 Androgei
654 3464 862 3534 galeam
889 3465 1157 3536 clipeique
1177 3466 1392 3534 insigne
1415 3465 1673 3520 decorum

2274 692 2381 743 360

2276 1122 2379 1174 865

2276 1553 2382 1611 870

2272 1991 2379 2050 δ’ἴδ

2274 2430 2380 2482 880

2274 2863 2379 2916 885

2270 3299 2379 3350 890
