2725 3892
984 224 1258 277 vanum
1302 226 1631 278 AENEIDos
1675 228 1736 277 X.

343 388 618 445 Audentis
643 388 892 445 Fortuna
913 388 1124 444 iuvat.'’

341 478 494 533 Haec
519 479 610 545 ait,
640 485 698 531 ct
721 494 908 531 secum
934 482 1132 545 versat,
1163 492 1300 545 quos
1323 476 1524 530 ducere
1550 482 1759 543 contra,

347 564 454 619 Vel
477 564 674 633 quibus
699 564 950 618 obsessos
973 564 1148 631 possit
1171 563 1501 617 concredere
1526 580 1727 617 muros.

411 651 631 705 Interea
652 651 874 704 Aeneas
898 649 1076 703 societ
1101 649 1170 703 de
1195 650 1469 719 puppibus
1494 649 1620 703 altis

341 736 610 792 Pontibus
633 737 877 806 exponit.
893 728 1115 801 †Multi
1140 751 1360 790 servare
1384 752 1637 789 recursus

341 824 677 892 Languentis
699 822 892 893 pelagi,
923 832 978 876 et
1003 822 1264 876 brevibus
1289 836 1347 876 se
1372 822 1594 877 credere
1618 824 1788 889 saltu;

341 911 450 965 Per
475 926 656 965 remos
679 910 788 965 alii.
863 898 1192 979 Speculatus
1210 910 1375 963 litora
1398 908 1665 976 Tarchon,

342 998 466 1064 Qua
488 998 630 1052 vada
654 1012 768 1051 ιιοιι
792 997 1008 1066 spirant
1033 1011 1138 1049 nec
1161 996 1338 1050 fracta
1361 1002 1731 1050 remurmurat
1756 996 1917 1063 unda,

341 1086 450 1139 Sed
476 1102 628 1139 mare
651 1084 984 1138 inoffensum
1011 1083 1283 1137 crescenti
1307 1082 1582 1137 adlabitur
1606 1090 1777 1151 aestu,

341 1173 603 1227 Advertit
627 1172 807 1227 subito
833 1186 1039 1242 proras,
1069 1171 1356 1240 sociosque
1379 1176 1665 1240 precatur:

345 1263 378 1290 “
398 1258 450 1313 N
453 1276 578 1327 unc,
607 1276 642 1313 o
665 1260 812 1315 lecta
833 1276 1043 1325 manus,
1073 1258 1272 1311 validis
1293 1258 1597 1312 incumbite
1622 1259 1815 1326 remis;

340 1345 552 1416 Tollite,
579 1348 724 1401 terte
749 1353 924 1414 rates;
962 1346 1242 1399 inimicam
1269 1344 1465 1398 findite
1486 1346 1681 1399 rostris

339 1432 498 1488 Hanc
521 1439 743 1501 terram,
777 1421 1096 1501 sulcumque
1123 1431 1228 1485 sibi
1253 1439 1469 1499 premat
1491 1432 1611 1500 ipsa
1635 1434 1839 1487 carina.

339 1519 618 1590 Frangere
640 1536 744 1574 nec
768 1520 868 1575 tali
893 1520 1122 1589 puppim
1149 1519 1387 1573 statione
1410 1534 1621 1589 recuso,

341 1612 582 1682 Arrepta
607 1611 802 1666 tellure
828 1613 1052 1667 seme1.”
1126 1614 1280 1680 Quae
1305 1615 1435 1669 talia
1458 1620 1749 1684 postquam

338 1698 550 1753 Effatus
574 1698 844 1765 Tarchon,
873 1700 1006 1754 socii
1032 1716 1360 1771 consurgere
1386 1702 1559 1756 tonsis

339 1786 764 1856 Spumantisquc
789 1796 936 1839 rates
961 1788 1108 1861 arvis
1131 1788 1340 1843 inferre
1365 1790 1610 1864 Latinis,
1648 1823 1653 1832 -

341 1872 530 1927 Donec
557 1880 739 1927 rostra
766 1878 956 1927 tenent
985 1856 1185 1929 siccum
1213 1884 1270 1929 et
1295 1877 1482 1931 sedere
1508 1877 1727 1930 carinae

339 1960 584 2015 Omnes·
568 1980 872 2037 innocuam
913 1963 1008 2017 sed
1035 1980 1148 2017 non
1173 1964 1373 2033 puppis
1397 1971 1505 2029 tua,
1534 1962 1801 2017 Tarchon.

337 2046 590 2117 Namque
613 2030 824 2113 inflicta
848 2050 1006 2105 vadis
1029 2050 1194 2105 dorso
1219 2052 1348 2105 dum
1379 2052 1583 2121 pendet
1606 2053 1811 2121 inique,

338 2133 564 2203 Anceps
591 2142 896 2191 sustentata
923 2136 1033 2217 diu,
1063 2138 1369 2207 fluctusque
1396 2139 1604 2206 fatigat,

338 2224 598 2295 Solvitur,
628 2232 790 2298 atque
815 2228 966 2281 viros
989 2226 1188 2281 mediis
1217 2229 1443 2296 exponit
1470 2229 1525 2280 in
1554 2226 1743 2293 undis;

339 2310 636 2383 Fragmina
659 2331 938 2370 remorum
965 2332 1104 2385 quos
1129 2319 1184 2369 et
1211 2314 1486 2369 fluitantia
1510 2321 1753 2369 transtra

338 2398 669 2469 Impediunt,
697 2402 1042 2472 retrahitque
1063 2402 1260 2471 pedem
1287 2401 1451 2456 simul
1478 2401 1624 2456 unda
1648 2400 1913 2457 relabens.

409 2484 528 2543 Nec
553 2487 798 2543 Turnum
827 2488 1010 2559 segnis
1033 2490 1238 2543 retinet
1263 2504 1448 2552 mora;
1490 2488 1585 2543 sed
1612 2489 1757 2558 rapit
1780 2502 1907 2541 acer

337 2570 532 2629 Totam
556 2575 730 2630 aciem
755 2575 815 2629 in
839 2574 1093 2644 Teucros,
1126 2580 1183 2630 et
1207 2579 1403 2629 contra
1424 2575 1481 2629 in
1508 2574 1669 2629 litore
1697 2574 1859 2628 sistit.

336 2658 506 2729 Signa
527 2668 750 2729 canunt,
825 2662 1048 2718 Primus
1071 2668 1286 2717 turmas
1309 2662 1513 2716 invasit
1538 2661 1771 2731 agrestis

337 2748 572 2813 Aeneas,
601 2764 764 2803 omen
792 2766 1020 2819 pugnae,
1050 2750 1356 2819 stravitque
1378 2749 1622 2816 Latinos,

337 2830 533 2887 Occiso
557 2832 828 2902 Therone,
857 2835 1036 2888 virum
1065 2835 1154 2903 qui
1180 2836 1453 2888 maximus
1478 2833 1623 2888 ultro

337 2918 564 2973 Aenean
589 2920 744 2989 petit.
755 2928 780 2966 ¹
823 2920 966 2975 Huic
991 2920 1174 2990 gladio
1195 2936 1403 2990 perque
1430 2936 1593 2975 aerea
1612 2926 1751 2987 suta,

334 3004 442 3059 Per
465 3008 710 3061 tunicam
735 3007 1077 3077 squalentem
1105 3022 1254 3073 auro,
1283 3008 1427 3061 latus
1451 3007 1635 3061 haurit
1660 3014 1927 3103 apertum.
1963 3088 1973 3095 ⁴

335 3090 472 3146 Inde
497 3092 703 3147 Lichan
731 3094 880 3161 serit,
910 3098 1194 3147 exsectum
1217 3093 1326 3147 iam
1351 3098 1533 3149 matre
1556 3068 1873 3162 perempta,

334 3177 406 3231 Et
429 3178 550 3245 tibi,
579 3178 820 3247 Phoebe,
847 3196 1078 3247 sacrum,
1106 3196 1264 3233 casus
1287 3180 1519 3233 evadere
1544 3179 1680 3233 ferri

335 3263 496 3329 Quod
520 3265 677 3319 licuit
701 3282 895 3335 parvo.
969 3264 1086 3320 Nec
1111 3266 1290 3331 lonae.
1321 3266 1509 3320 Cissea
1533 3266 1730 3319 durum

335 3348 746 3422 Immanemque
773 3352 947 3419 Gyan,
975 3354 1272 3406 sternentis
1297 3352 1515 3420 agmina
1538 3352 1704 3417 clava,

333 3436 550 3493 Deiecit
571 3438 718 3506 leto;
757 3438 897 3491 nihil
919 3438 1044 3491 illos
1065 3438 1326 3491 Herculis
1349 3454 1518 3497 arma.

305 3562 321 3569 -
335 3520 454 3578 Nec
477 3524 692 3579 validae
717 3524 906 3577 iuvere
929 3540 1126 3579 manus
1149 3524 1473 3591 genitorque
1498 3523 1815 3590 Melampus,

2270 480 2373 531 285

2268 914 2373 965 290

2266 1348 2371 1401 295

2266 1790 2370 1841 300

2262 2228 2366 2278 305

2262 2663 2367 2716 810

2264 3094 2367 3145 315

2268 3522 2371 3571 820
