2725 3892
947 206 1224 256 VERGILI
1267 205 1597 258 Amtmnos
1640 207 1783 258 vm.

339 366 430 421 Sol
457 367 699 420 medium
719 367 855 422 caeli
882 366 1316 422 conscenderat·
1301 383 1495 436 igneus
1518 367 1726 434 orbem,

339 454 478 508 Cum
505 471 696 508 muros
720 469 1012 530 arcemque
1037 453 1232 522 procul
1257 470 1321 508 ac
1345 469 1473 508 rara
1497 452 1788 508 domorum

337 541 506 595 Tecta
529 529 746 610 vident,
765 557 903 610 quae
927 557 1075 594 nunc
1101 540 1357 616 Romana
1378 541 1630 608 potentia
1653 541 1805 599 caelo

337 628 650 696 Aequavit3
695 633 813 681 tum
834 644 926 685 res
944 628 1140 698 inopes
1165 627 1457 682 Euandrus
1480 627 1739 682 habebat.
2274 634 2375 686 100

337 713 506 768 Ocius
531 713 828 768 advertunt
854 729 1064 783 prorae,
1093 715 1328 783 urbique
1355 713 1749 782 propinquant.

273 787 316 865 ί
407 799 573 854 horte
598 800 688 854 die
713 799 1031 854 sollemnem
1057 799 1156 854 illo
1181 806 1280 853 rex
1305 800 1485 853 Areas
1510 798 1776 854 honorem

264 870 277 886 ⁰
341 886 868 955 Amphitryoniadae
892 902 1095 955 magno
1123 885 1375 955 divisque
1398 885 1617 940 ferebat

335 973 486 1028 Ante
511 974 745 1052 urbem
730 990 788 1027 m
813 972 957 1048 luco.
1031 972 1218 1027 Pallas
1244 972 1375 1026 hui'c
1398 952 1543 1028 filius
1566 988 1692 1042 una,

335 1058 460 1114 Una
484 1076 674 1122 omues
697 1061 956 1114 iuvenum
982 1059 1146 1129 primi
1178 1074 1495 1136 pauperque
1518 1045 1739 1115 senatus
2270 1067 2371 1120 105

333 1146 480 1201 Tura
502 1147 725 1213 dabant,
755 1147 1079 1216 tepidusque
1109 1161 1272 1200 cruor
1301 1146 1553 1200 fumabat
1578 1147 1647 1200 ad
1674 1165 1815 1202 arae.

335 1233 412 1288 Ut
435 1233 608 1288 celsas
631 1219 819 1288 videre
844 1239 1006 1302 rates,
1037 1237 1200 1303 atque
1223 1233 1372 1286 inter
1397 1248 1630 1301 opacum

333 1319 536 1374 Adlabi
561 1337 769 1388 nemus,
799 1325 856 1374 et
880 1320 1066 1402 tacitis
1093 1319 1411 1374 incumbere
1438 1319 1621 1387 remis,

333 1405 632 1462 Terrentur
657 1408 778 1462 visu
804 1407 1005 1475 subito,
1027 1407 1320 1476 cunctique
1344 1405 1552 1460 relictis

333 1494 688 1564 Consurgunt
709 1496 930 1558 mensis
1007 1494 1208 1548 Audax
1233 1510 1373 1564 quos
1397 1509 1654 1562 rumpere
1678 1493 1863 1549 Pallas
2266 1501 2369 1552 110

333 1579 500 1634 Sacra
525 1586 692 1650 vetat,
721 1587 990 1650 raptoque
1016 1581 1166 1635 volat
1189 1581 1304 1636 telo
1331 1580 1569 1636 obvius
1556 1597 1686 1650 ipse,

331 1667 404 1720 Et
430 1668 620 1736 procul
644 1685 676 1722 e
702 1669 958 1722 tumulo‘
943 1669 978 1698 ‘⁶
994 1668 1242 1736 Iuvenca,
1272 1685 1413 1738 quae
1436 1684 1601 1723 eausa
1624 1667 1841 1737 subegit

332 1753 557 1822 Ignotus
582 1760 854 1824 temptare
881 1756 1030 1810 vias?
1069 1771 1178 1824 quo
1203 1755 1519 1809 tenditis2”
1544 1755 1741 1825 inquit.

334 1843 366 1868 “
383 1841 490 1905 Qui
518 1843 724 1909 genus?
760 1841 911 1895 unde
934 1842 1141 1896 domo?
1181 1859 1443 1912 pacemne
1467 1843 1579 1898 huc
1603 1845 1777 1912 fertis,
1808 1862 1877 1900 an
1904 1848 2094 1901 arma?
2114 1847 2145 1874 ”

331 1927 467 1980 Tum
492 1934 654 1997 pater
678 1927 896 1982 Aeneas
921 1930 1092 1998 puppi
1115 1929 1196 1984 sic
1221 1929 1373 1984 fatur
1398 1931 1469 1985 ab
1494 1931 1622 1999 alta,
2263 1937 2362 1989 115
2429 1964 2435 1970 ·

333 2013 726 2083 Paciferaeque
749 2032 916 2069 manu
941 2032 1154 2070 ramum
1181 2017 1497 2086 praetendit
1526 2017 1735 2074 olivae:

335 2105 368 2129 ‘⁶
385 2100 722 2170 Troiugenas
747 2119 810 2156 ac
835 2102 948 2158 tela
973 2103 1122 2157 vides
1147 2104 1370 2159 inimica
1394 2106 1620 2175 Latinis,

331 2188 482 2253 Quos
506 2189 587 2242 illi
612 2188 756 2243 bello
781 2190 1043 2259 profugos
1068 2207 1227 2260 egere
1265 2193 1518 2261 superbo.

329 2276 648 2330 Euandrum
672 2276 927 2346 petimus,
1001 2267 1166 2332 Ferte
1189 2279 1340 2346 haec,
1368 2287 1427 2334 et
1452 2282 1631 2350 dicite,
1660 2283 1833 2339 lectos

328 2362 639 2418 Dardaniae
665 2363 876 2418 venisse
899 2363 1080 2435 duces,
1111 2366 1256 2419 socia
1281 2383 1435 2420 arma
1458 2370 1757 2438 rogantis.”
2260 2376 2363 2426 120

329 2448 611 2518 Obstipuit
635 2454 790 2503 tanto
815 2466 1104 2531 percussus
1127 2452 1352 2506 nomine
1376 2451 1583 2508 Pallas:
1608 2467 1613 2475 ·

333 2540 367 2564 “
387 2535 663 2602 Egredere
688 2553 721 2590 o
745 2537 1072 2605 quicumque
1096 2553 1155 2590 es
1169 2536 1201 2564 '²
1229 2538 1308 2591 ait
1338 2539 1372 2566 ‘⁸
1390 2545 1685 2609 eoi-amque
1708 2546 1993 2609 parentem

326 2623 660 2693 Adloquere,
688 2639 752 2677 ac
777 2622 978 2676 nostris
1002 2623 1230 2696 suceede
1257 2626 1549 2694 penatibus
1572 2627 1827 2696 hospes.”

326 2710 668 2780 Excepitque
692 2707 888 2777 manu‚'
903 2707 1262 2780 dextramque
1293 2711 1577 2780 ampiexus
1604 2713 1857 2766 inhaesit.

327 2796 609 2864 Progressi
633 2796 870 2855 subeunt
893 2794 1037 2863 luco,
1067 2796 1407 2867 fluviumque
1432 2799 1768 2869 relitrquunt.
2260 2807 2359 2859 125

397 2882 536 2936 Tum
560 2898 746 2950 regem
773 2883 992 2937 Aeneas
1015 2883 1176 2938 dictis
1201 2884 1423 2939 adfatur
1448 2886 1667 2940 amicis:

331 2972 364 2998 “
381 2969 604 3037 Optime
629 2968 1018 3036 Graiugenum,
1047 2971 1134 3025 cui
1161 2987 1249 3024 me
1273 2971 1523 3034 Fortuna
1546 2974 1759 3042 precari

327 3057 399 3110 Et
423 3058 564 3110 vitta
587 3063 836 3126 comptos
862 3057 1038 3111 voluit
1065 3051 1425 3127 praetendere
1451 3075 1651 3128 ramos,

329 3141 380 3195 N
385 3159 454 3196 on
482 3143 734 3212 equidem
763 3144 1010 3213 extimui,
1041 3143 1297 3200 Danaum
1325 3146 1471 3215 quod
1497 3147 1697 3202 ductor
1722 3151 1781 3202 et
1804 3147 1996 3212 Arcas,

327 3229 596 3298 Quodque
621 3230 689 3284 ab
715 3231 886 3298 stirpe
911 3230 1063 3286 fores
1085 3232 1318 3300 geminis
1341 3233 1669 3289 coniunctus
1693 3233 1936 3303 Atridis3
2257 3239 2357 3291 130

327 3315 432 3369 Sed
461 3333 586 3372 mea
609 3334 694 3371 me
719 3318 896 3370 virtus
921 3325 978 3372 et
1003 3323 1193 3372 sancta
1217 3320 1441 3374 oracula
1464 3319 1667 3390 divom,

328 3403 668 3474 Cognatique
692 3395 891 3474 patres,
921 3411 1018 3459 tua
1041 3406 1204 3460 terris
1221 3405 1397 3460 didita
1422 3408 1580 3474 fama,

329 3487 676 3544 Coniunxere
701 3490 820 3558 tibi,
849 3498 905 3543 et
929 3479 1058 3545 fatis
1081 3509 1243 3562 egere
1272 3493 1563 3550 volentem.
