<?xml version="1.0" encoding="UTF-8"?>
<!DOCTYPE html PUBLIC "-//W3C//DTD XHTML 1.0 Transitional//EN"
    "http://www.w3.org/TR/xhtml1/DTD/xhtml1-transitional.dtd">
<html xmlns="http://www.w3.org/1999/xhtml" xml:lang="en" lang="en">
 <head>
  <title>
</title>
<meta http-equiv="Content-Type" content="text/html;charset=utf-8" />
  <meta name='ocr-system' content='tesseract 3.04.00' />
  <meta name='ocr-capabilities' content='ocr_page ocr_carea ocr_par ocr_line ocrx_word'/>
</head>
<body>
  <div class='ocr_page' id='page_1' title='image "arevisedtextpoe01virggoog_0075.png"; bbox 0 0 2725 3892; ppageno 0'>
   <div class='ocr_carea' id='block_1_1' title="bbox 937 228 1752 282">
    <p class='ocr_par' dir='ltr' id='par_1_1' title="bbox 937 228 1752 282">
     <span class='ocr_line' id='line_1_1' title="bbox 937 228 1752 282; baseline 0.004 -3"><span class='ocrx_word' id='word_1_1' title='bbox 937 229 1212 279; x_wconf 81' lang='lat' dir='ltr'><strong>VERGILI</strong></span> <span class='ocrx_word' id='word_1_2' title='bbox 1258 228 1639 280; x_wconf 76' lang='lat' dir='ltr'>GEORGIOON</span> <span class='ocrx_word' id='word_1_3' title='bbox 1684 232 1752 282; x_wconf 88' lang='lat'><strong>11.</strong></span> 
     </span>
    </p>
   </div>
   <div class='ocr_carea' id='block_1_2' title="bbox 321 390 2363 1852">
    <p class='ocr_par' dir='ltr' id='par_1_2' title="bbox 321 390 2363 1852">
     <span class='ocr_line' id='line_1_2' title="bbox 323 390 1578 465; baseline -0.002 -17"><span class='ocrx_word' id='word_1_4' title='bbox 323 393 648 465; x_wconf 81' lang='lat' dir='ltr'><strong>Argitisque</strong></span> <span class='ocrx_word' id='word_1_5' title='bbox 672 390 867 459; x_wconf 86' lang='lat' dir='ltr'><strong>minor,</strong></span> <span class='ocrx_word' id='word_1_6' title='bbox 896 392 984 445; x_wconf 89' lang='lat' dir='ltr'><strong>cui</strong></span> <span class='ocrx_word' id='word_1_7' title='bbox 1007 406 1118 444; x_wconf 87' lang='lat' dir='ltr'><strong>non</strong></span> <span class='ocrx_word' id='word_1_8' title='bbox 1143 390 1443 445; x_wconf 82' lang='lat' dir='ltr'><strong>certaverit</strong></span> <span class='ocrx_word' id='word_1_9' title='bbox 1464 390 1578 445; x_wconf 84' lang='lat' dir='ltr'><strong>ulla</strong></span> 
     </span>
     <span class='ocr_line' id='line_1_3' title="bbox 321 478 2363 547; baseline 0 -14"><span class='ocrx_word' id='word_1_10' title='bbox 321 480 444 535; x_wconf 85' lang='lat' dir='ltr'><strong>Aut</strong></span> <span class='ocrx_word' id='word_1_11' title='bbox 465 486 682 535; x_wconf 82' lang='lat' dir='ltr'><strong>tantum</strong></span> <span class='ocrx_word' id='word_1_12' title='bbox 707 478 878 533; x_wconf 87' lang='lat' dir='ltr'><strong>fluere</strong></span> <span class='ocrx_word' id='word_1_13' title='bbox 903 482 1000 532; x_wconf 82' lang='lat' dir='ltr'><strong>aut</strong></span> <span class='ocrx_word' id='word_1_14' title='bbox 1022 478 1256 532; x_wconf 86' lang='lat' dir='ltr'><strong>totidem</strong></span> <span class='ocrx_word' id='word_1_15' title='bbox 1281 478 1483 533; x_wconf 84' lang='lat' dir='ltr'><strong>durare</strong></span> <span class='ocrx_word' id='word_1_16' title='bbox 1516 493 1617 547; x_wconf 87' lang='lat' dir='ltr'><strong>per</strong></span> <span class='ocrx_word' id='word_1_17' title='bbox 1640 494 1831 533; x_wconf 83' lang='lat' dir='ltr'><strong>annos.</strong></span> <span class='ocrx_word' id='word_1_18' title='bbox 2264 482 2363 535; x_wconf 71' lang='lat'><strong>100</strong></span> 
     </span>
     <span class='ocr_line' id='line_1_4' title="bbox 325 564 1675 636; baseline -0.002 -16"><span class='ocrx_word' id='word_1_19' title='bbox 325 566 456 621; x_wconf 83' lang='lat' dir='ltr'><strong>Non</strong></span> <span class='ocrx_word' id='word_1_20' title='bbox 479 583 583 635; x_wconf 80' lang='lat' dir='ltr'><strong>ego</strong></span> <span class='ocrx_word' id='word_1_21' title='bbox 607 573 682 636; x_wconf 91' lang='lat' dir='ltr'><strong>te,</strong></span> <span class='ocrx_word' id='word_1_22' title='bbox 709 565 812 619; x_wconf 90' lang='lat' dir='ltr'><strong>Dis</strong></span> <span class='ocrx_word' id='word_1_23' title='bbox 836 569 894 619; x_wconf 89' lang='lat' dir='ltr'><strong>et</strong></span> <span class='ocrx_word' id='word_1_24' title='bbox 915 564 1122 618; x_wconf 78' lang='lat' dir='ltr'>mensis</span> <span class='ocrx_word' id='word_1_25' title='bbox 1147 570 1379 633; x_wconf 82' lang='lat' dir='ltr'><strong>accepta</strong></span> <span class='ocrx_word' id='word_1_26' title='bbox 1402 564 1675 631; x_wconf 72' lang='lat' dir='ltr'><strong>secundia,</strong></span> 
     </span>
     <span class='ocr_line' id='line_1_5' title="bbox 323 650 1875 722; baseline 0 -17"><span class='ocrx_word' id='word_1_27' title='bbox 323 652 670 722; x_wconf 83' lang='lat' dir='ltr'><strong>Transierim,</strong></span> <span class='ocrx_word' id='word_1_28' title='bbox 698 650 934 719; x_wconf 76' lang='lat' dir='ltr'><strong>Rhodia,</strong></span> <span class='ocrx_word' id='word_1_29' title='bbox 964 656 1020 704; x_wconf 87' lang='lat' dir='ltr'><strong>et</strong></span> <span class='ocrx_word' id='word_1_30' title='bbox 1046 651 1287 719; x_wconf 86' lang='lat' dir='ltr'><strong>tumidis,</strong></span> <span class='ocrx_word' id='word_1_31' title='bbox 1317 650 1597 719; x_wconf 83' lang='lat' dir='ltr'><strong>Bumaste‚</strong></span> <span class='ocrx_word' id='word_1_32' title='bbox 1626 650 1875 705; x_wconf 82' lang='lat' dir='ltr'><strong>racemis.</strong></span> 
     </span>
     <span class='ocr_line' id='line_1_6' title="bbox 325 736 2048 819; baseline -0.001 -26"><span class='ocrx_word' id='word_1_33' title='bbox 325 738 435 793; x_wconf 81' lang='lat' dir='ltr'><strong>Sed</strong></span> <span class='ocrx_word' id='word_1_34' title='bbox 457 755 653 809; x_wconf 86' lang='lat' dir='ltr'><strong>neque,</strong></span> <span class='ocrx_word' id='word_1_35' title='bbox 683 755 846 808; x_wconf 86' lang='lat' dir='ltr'><strong>quam</strong></span> <span class='ocrx_word' id='word_1_36' title='bbox 871 737 1078 791; x_wconf 86' lang='lat' dir='ltr'><strong>multae</strong></span> <span class='ocrx_word' id='word_1_37' title='bbox 1103 738 1332 806; x_wconf 83' lang='lat' dir='ltr'><strong>species,</strong></span> <span class='ocrx_word' id='word_1_38' title='bbox 1359 753 1488 819; x_wconf 67' lang='lat' dir='ltr'><strong>nec2</strong></span> <span class='ocrx_word' id='word_1_39' title='bbox 1508 736 1737 791; x_wconf 80' lang='lat' dir='ltr'><strong>nomina</strong></span> <span class='ocrx_word' id='word_1_40' title='bbox 1760 754 1899 807; x_wconf 84' lang='lat' dir='ltr'><strong>quae</strong></span> <span class='ocrx_word' id='word_1_41' title='bbox 1924 740 2048 807; x_wconf 76' lang='lat' dir='ltr'><strong>sint,</strong></span> 
     </span>
     <span class='ocr_line' id='line_1_7' title="bbox 323 824 2039 895; baseline -0.001 -15"><span class='ocrx_word' id='word_1_42' title='bbox 323 826 428 881; x_wconf 80' lang='lat' dir='ltr'><strong>Est</strong></span> <span class='ocrx_word' id='word_1_43' title='bbox 449 842 738 893; x_wconf 77' lang='lat' dir='ltr'><strong>numerus3</strong></span> <span class='ocrx_word' id='word_1_44' title='bbox 781 840 958 895; x_wconf 88' lang='lat' dir='ltr'><strong>neque</strong></span> <span class='ocrx_word' id='word_1_45' title='bbox 983 824 1130 877; x_wconf 89' lang='lat' dir='ltr'><strong>enim</strong></span> <span class='ocrx_word' id='word_1_46' title='bbox 1153 840 1388 878; x_wconf 89' lang='lat' dir='ltr'><strong>numero</strong></span> <span class='ocrx_word' id='word_1_47' title='bbox 1414 824 1813 893; x_wconf 74' lang='lat' dir='ltr'>comprendere</span> <span class='ocrx_word' id='word_1_48' title='bbox 1836 826 2039 893; x_wconf 65' lang='grc' dir='ltr'><strong>τοῖοι-ις</strong></span> 
     </span>
     <span class='ocr_line' id='line_1_8' title="bbox 327 911 2357 985; baseline -0.004 -16"><span class='ocrx_word' id='word_1_49' title='bbox 327 915 504 981; x_wconf 87' lang='lat' dir='ltr'><strong>Quem</strong></span> <span class='ocrx_word' id='word_1_50' title='bbox 529 916 624 985; x_wconf 88' lang='lat' dir='ltr'><strong>qui</strong></span> <span class='ocrx_word' id='word_1_51' title='bbox 649 914 787 968; x_wconf 86' lang='lat' dir='ltr'><strong>scire</strong></span> <span class='ocrx_word' id='word_1_52' title='bbox 817 912 962 977; x_wconf 78' lang='lat' dir='ltr'><strong>velit,</strong></span> <span class='ocrx_word' id='word_1_53' title='bbox 993 911 1185 979; x_wconf 81' lang='lat' dir='ltr'><strong>Libyci</strong></span> <span class='ocrx_word' id='word_1_54' title='bbox 1211 912 1348 965; x_wconf 84' lang='lat' dir='ltr'><strong>velit</strong></span> <span class='ocrx_word' id='word_1_55' title='bbox 1374 912 1625 981; x_wconf 83' lang='lat' dir='ltr'><strong>aequoris</strong></span> <span class='ocrx_word' id='word_1_56' title='bbox 1650 911 1799 964; x_wconf 76' lang='lat' dir='ltr'><strong>idem</strong></span> <span class='ocrx_word' id='word_1_57' title='bbox 2260 918 2357 969; x_wconf 81' lang='lat'><strong>105</strong></span> 
     </span>
     <span class='ocr_line' id='line_1_9' title="bbox 327 998 1851 1070; baseline -0.002 -15"><span class='ocrx_word' id='word_1_58' title='bbox 327 1002 552 1056; x_wconf 75' lang='lat' dir='ltr'>Discere</span> <span class='ocrx_word' id='word_1_59' title='bbox 577 1018 738 1070; x_wconf 85' lang='lat' dir='ltr'><strong>quam</strong></span> <span class='ocrx_word' id='word_1_60' title='bbox 764 999 972 1055; x_wconf 83' lang='lat' dir='ltr'><strong>multae</strong></span> <span class='ocrx_word' id='word_1_61' title='bbox 995 998 1252 1068; x_wconf 80' lang='lat' dir='ltr'><strong>Zephyro</strong></span> <span class='ocrx_word' id='word_1_62' title='bbox 1279 999 1574 1053; x_wconf 82' lang='lat' dir='ltr'><strong>turbentur</strong></span> <span class='ocrx_word' id='word_1_63' title='bbox 1596 999 1851 1067; x_wconf 82' lang='lat' dir='ltr'><strong>harenae,</strong></span> 
     </span>
     <span class='ocr_line' id='line_1_10' title="bbox 329 1086 1937 1156; baseline -0.001 -15"><span class='ocrx_word' id='word_1_64' title='bbox 329 1088 458 1156; x_wconf 86' lang='lat' dir='ltr'><strong>Aut,</strong></span> <span class='ocrx_word' id='word_1_65' title='bbox 487 1088 582 1142; x_wconf 88' lang='lat' dir='ltr'><strong>ubi</strong></span> <span class='ocrx_word' id='word_1_66' title='bbox 607 1087 843 1153; x_wconf 84' lang='lat' dir='ltr'><strong>navigiis</strong></span> <span class='ocrx_word' id='word_1_67' title='bbox 867 1086 1168 1141; x_wconf 83' lang='lat' dir='ltr'><strong>violentior</strong></span> <span class='ocrx_word' id='word_1_68' title='bbox 1190 1087 1387 1141; x_wconf 78' lang='lat' dir='ltr'><strong>incidit</strong></span> <span class='ocrx_word' id='word_1_69' title='bbox 1410 1086 1604 1155; x_wconf 81' lang='lat' dir='ltr'><strong>Eurus,</strong></span> <span class='ocrx_word' id='word_1_70' title='bbox 1934 1086 1937 1091; x_wconf 82' lang='grc'><strong>’</strong></span> 
     </span>
     <span class='ocr_line' id='line_1_11' title="bbox 327 1172 1627 1244; baseline -0.001 -15"><span class='ocrx_word' id='word_1_71' title='bbox 327 1173 520 1244; x_wconf 79' lang='lat' dir='ltr'><strong>Nosse,</strong></span> <span class='ocrx_word' id='word_1_72' title='bbox 549 1180 684 1243; x_wconf 89' lang='lat' dir='ltr'><strong>quot</strong></span> <span class='ocrx_word' id='word_1_73' title='bbox 707 1172 850 1227; x_wconf 89' lang='lat' dir='ltr'><strong>Ionii</strong></span> <span class='ocrx_word' id='word_1_74' title='bbox 877 1175 1108 1227; x_wconf 84' lang='lat' dir='ltr'><strong>veniant</strong></span> <span class='ocrx_word' id='word_1_75' title='bbox 1129 1173 1200 1227; x_wconf 84' lang='lat' dir='ltr'><strong>ad</strong></span> <span class='ocrx_word' id='word_1_76' title='bbox 1225 1174 1391 1228; x_wconf 86' lang='lat' dir='ltr'><strong>litora</strong></span> <span class='ocrx_word' id='word_1_77' title='bbox 1414 1172 1627 1228; x_wconf 84' lang='lat' dir='ltr'><strong>fluctus.</strong></span> 
     </span>
     <span class='ocr_line' id='line_1_12' title="bbox 397 1260 1739 1330; baseline 0.001 -15"><span class='ocrx_word' id='word_1_78' title='bbox 397 1260 516 1316; x_wconf 83' lang='lat' dir='ltr'><strong>Nec</strong></span> <span class='ocrx_word' id='word_1_79' title='bbox 539 1277 672 1315; x_wconf 83' lang='lat' dir='ltr'><strong>vero</strong></span> <span class='ocrx_word' id='word_1_80' title='bbox 696 1266 875 1315; x_wconf 85' lang='lat' dir='ltr'><strong>terrae</strong></span> <span class='ocrx_word' id='word_1_81' title='bbox 899 1260 1044 1315; x_wconf 86' lang='lat' dir='ltr'><strong>ferre</strong></span> <span class='ocrx_word' id='word_1_82' title='bbox 1067 1266 1262 1314; x_wconf 85' lang='lat' dir='ltr'><strong>omnes</strong></span> <span class='ocrx_word' id='word_1_83' title='bbox 1284 1260 1469 1313; x_wconf 87' lang='lat' dir='ltr'><strong>omnia</strong></span> <span class='ocrx_word' id='word_1_84' title='bbox 1492 1266 1739 1330; x_wconf 86' lang='lat' dir='ltr'><strong>possunt.</strong></span> 
     </span>
     <span class='ocr_line' id='line_1_13' title="bbox 326 1346 2358 1417; baseline 0 -15"><span class='ocrx_word' id='word_1_85' title='bbox 326 1348 670 1403; x_wconf 80' lang='lat' dir='ltr'><strong>Fluminibus</strong></span> <span class='ocrx_word' id='word_1_86' title='bbox 695 1347 888 1401; x_wconf 80' lang='lat' dir='ltr'><strong>salices</strong></span> <span class='ocrx_word' id='word_1_87' title='bbox 913 1348 1216 1417; x_wconf 78' lang='lat' dir='ltr'>crassisque</span> <span class='ocrx_word' id='word_1_88' title='bbox 1239 1346 1535 1416; x_wconf 82' lang='lat' dir='ltr'><strong>paludibus</strong></span> <span class='ocrx_word' id='word_1_89' title='bbox 1558 1348 1669 1402; x_wconf 85' lang='lat' dir='ltr'><strong>alni</strong></span> <span class='ocrx_word' id='word_1_90' title='bbox 2256 1353 2358 1404; x_wconf 85' lang='lat'><strong>110</strong></span> 
     </span>
     <span class='ocr_line' id='line_1_14' title="bbox 326 1434 1625 1503; baseline -0.002 -12"><span class='ocrx_word' id='word_1_91' title='bbox 326 1435 657 1503; x_wconf 79' lang='lat' dir='ltr'><strong>Nascuntur,</strong></span> <span class='ocrx_word' id='word_1_92' title='bbox 687 1434 902 1489; x_wconf 80' lang='lat' dir='ltr'><strong>steriles</strong></span> <span class='ocrx_word' id='word_1_93' title='bbox 925 1434 1136 1488; x_wconf 84' lang='lat' dir='ltr'><strong>saxosis</strong></span> <span class='ocrx_word' id='word_1_94' title='bbox 1161 1435 1445 1488; x_wconf 84' lang='lat' dir='ltr'><strong>montibus</strong></span> <span class='ocrx_word' id='word_1_95' title='bbox 1470 1436 1625 1503; x_wconf 81' lang='lat' dir='ltr'><strong>orni3</strong></span> 
     </span>
     <span class='ocr_line' id='line_1_15' title="bbox 325 1518 1673 1589; baseline -0.001 -14"><span class='ocrx_word' id='word_1_96' title='bbox 325 1520 518 1575; x_wconf 78' lang='lat' dir='ltr'>Litora</span> <span class='ocrx_word' id='word_1_97' title='bbox 539 1518 794 1588; x_wconf 84' lang='lat' dir='ltr'><strong>myrtetis</strong></span> <span class='ocrx_word' id='word_1_98' title='bbox 818 1518 1150 1586; x_wconf 77' lang='lat' dir='ltr'><strong>laetissima3</strong></span> <span class='ocrx_word' id='word_1_99' title='bbox 1187 1518 1429 1589; x_wconf 86' lang='lat' dir='ltr'><strong>denique</strong></span> <span class='ocrx_word' id='word_1_100' title='bbox 1452 1528 1673 1588; x_wconf 84' lang='lat' dir='ltr'><strong>apertos</strong></span> 
     </span>
     <span class='ocr_line' id='line_1_16' title="bbox 325 1604 1755 1675; baseline 0 -14"><span class='ocrx_word' id='word_1_101' title='bbox 325 1606 575 1663; x_wconf 82' lang='lat' dir='ltr'><strong>Bacchus</strong></span> <span class='ocrx_word' id='word_1_102' title='bbox 597 1612 747 1662; x_wconf 82' lang='lat' dir='ltr'><strong>amat</strong></span> <span class='ocrx_word' id='word_1_103' title='bbox 769 1604 942 1675; x_wconf 84' lang='lat' dir='ltr'><strong>collis,</strong></span> <span class='ocrx_word' id='word_1_104' title='bbox 972 1605 1281 1675; x_wconf 80' lang='lat' dir='ltr'><strong>aquilonem</strong></span> <span class='ocrx_word' id='word_1_105' title='bbox 1310 1610 1368 1659; x_wconf 86' lang='lat' dir='ltr'><strong>et</strong></span> <span class='ocrx_word' id='word_1_106' title='bbox 1390 1606 1601 1673; x_wconf 75' lang='lat' dir='ltr'><strong>frigora</strong></span> <span class='ocrx_word' id='word_1_107' title='bbox 1620 1607 1755 1661; x_wconf 82' lang='lat' dir='ltr'><strong>taxi.</strong></span> 
     </span>
     <span class='ocr_line' id='line_1_17' title="bbox 325 1692 1755 1765; baseline -0.001 -16"><span class='ocrx_word' id='word_1_108' title='bbox 325 1694 530 1765; x_wconf 80' lang='lat' dir='ltr'><strong>Aspice</strong></span> <span class='ocrx_word' id='word_1_109' title='bbox 553 1700 612 1749; x_wconf 89' lang='lat' dir='ltr'><strong>et</strong></span> <span class='ocrx_word' id='word_1_110' title='bbox 633 1693 896 1749; x_wconf 79' lang='lat' dir='ltr'><strong>extremis</strong></span> <span class='ocrx_word' id='word_1_111' title='bbox 919 1693 1192 1749; x_wconf 87' lang='lat' dir='ltr'><strong>domitum</strong></span> <span class='ocrx_word' id='word_1_112' title='bbox 1220 1692 1524 1748; x_wconf 86' lang='lat' dir='ltr'><strong>cultoribus</strong></span> <span class='ocrx_word' id='word_1_113' title='bbox 1548 1693 1755 1763; x_wconf 82' lang='lat' dir='ltr'><strong>orbem,</strong></span> 
     </span>
     <span class='ocr_line' id='line_1_18' title="bbox 325 1780 2357 1852; baseline 0.001 -17"><span class='ocrx_word' id='word_1_114' title='bbox 325 1780 578 1852; x_wconf 86' lang='lat' dir='ltr'><strong>ansque</strong></span> <span class='ocrx_word' id='word_1_115' title='bbox 601 1781 794 1835; x_wconf 86' lang='lat' dir='ltr'><strong>domos</strong></span> <span class='ocrx_word' id='word_1_116' title='bbox 817 1780 1069 1835; x_wconf 81' lang='lat' dir='ltr'><strong>Arabum</strong></span> <span class='ocrx_word' id='word_1_117' title='bbox 1091 1780 1381 1851; x_wconf 81' lang='lat' dir='ltr'><strong>pictosque</strong></span> <span class='ocrx_word' id='word_1_118' title='bbox 1404 1780 1683 1835; x_wconf 81' lang='lat' dir='ltr'><strong>Gelonos:</strong></span> <span class='ocrx_word' id='word_1_119' title='bbox 2258 1786 2357 1837; x_wconf 88' lang='grc'><strong>115</strong></span> 
     </span>
    </p>
   </div>
   <div class='ocr_carea' id='block_1_3' title="bbox 322 1870 2369 3573">
    <p class='ocr_par' dir='ltr' id='par_1_3' title="bbox 325 1870 1738 1943">
     <span class='ocr_line' id='line_1_19' title="bbox 325 1870 1738 1943; baseline 0.001 -21"><span class='ocrx_word' id='word_1_120' title='bbox 325 1870 548 1928; x_wconf 77' lang='lat' dir='ltr'><strong>Divisae</strong></span> <span class='ocrx_word' id='word_1_121' title='bbox 571 1872 858 1928; x_wconf 77' lang='lat' dir='ltr'><strong>arboribus</strong></span> <span class='ocrx_word' id='word_1_122' title='bbox 883 1874 1109 1943; x_wconf 81' lang='lat' dir='ltr'><strong>patriae.</strong></span> <span class='ocrx_word' id='word_1_123' title='bbox 1185 1872 1316 1928; x_wconf 81' lang='lat' dir='ltr'><strong>Sola</strong></span> <span class='ocrx_word' id='word_1_124' title='bbox 1339 1870 1501 1927; x_wconf 84' lang='lat' dir='ltr'><strong>India</strong></span> <span class='ocrx_word' id='word_1_125' title='bbox 1522 1871 1738 1941; x_wconf 82' lang='lat' dir='ltr'><strong>nigrum</strong></span> 
     </span>
    </p>

    <p class='ocr_par' dir='ltr' id='par_1_4' title="bbox 325 1956 1669 2030">
     <span class='ocr_line' id='line_1_20' title="bbox 325 1956 1669 2030; baseline 0.001 -19"><span class='ocrx_word' id='word_1_126' title='bbox 325 1956 456 2012; x_wconf 85' lang='lat' dir='ltr'><strong>Fert</strong></span> <span class='ocrx_word' id='word_1_127' title='bbox 479 1959 770 2029; x_wconf 88' lang='lat' dir='ltr'><strong>hebenum,</strong></span> <span class='ocrx_word' id='word_1_128' title='bbox 799 1960 932 2015; x_wconf 83' lang='lat' dir='ltr'><strong>solis</strong></span> <span class='ocrx_word' id='word_1_129' title='bbox 953 1967 1040 2015; x_wconf 75' lang='lat' dir='ltr'><strong>eet</strong></span> <span class='ocrx_word' id='word_1_130' title='bbox 1063 1966 1222 2015; x_wconf 82' lang='lat' dir='ltr'><strong>turea</strong></span> <span class='ocrx_word' id='word_1_131' title='bbox 1245 1961 1404 2030; x_wconf 79' lang='lat' dir='ltr'><strong>virga</strong></span> <span class='ocrx_word' id='word_1_132' title='bbox 1426 1958 1669 2015; x_wconf 83' lang='lat' dir='ltr'><strong>Sabaeis.</strong></span> 
     </span>
    </p>

    <p class='ocr_par' dir='ltr' id='par_1_5' title="bbox 326 2030 1579 2116">
     <span class='ocr_line' id='line_1_21' title="bbox 326 2030 1579 2116; baseline 0.002 -17"><span class='ocrx_word' id='word_1_133' title='bbox 326 2042 472 2109; x_wconf 80' lang='lat' dir='ltr'><strong>Quid</strong></span> <span class='ocrx_word' id='word_1_134' title='bbox 497 2045 598 2100; x_wconf 90' lang='lat' dir='ltr'><strong>tibi</strong></span> <span class='ocrx_word' id='word_1_135' title='bbox 627 2046 858 2103; x_wconf 84' lang='lat' dir='ltr'><strong>odorato</strong></span> <span class='ocrx_word' id='word_1_136' title='bbox 883 2030 1117 2103; x_wconf 61' lang='lat' dir='ltr'><strong>referam</strong></span> <span class='ocrx_word' id='word_1_137' title='bbox 1144 2046 1405 2102; x_wconf 85' lang='lat' dir='ltr'><strong>sudantia</strong></span> <span class='ocrx_word' id='word_1_138' title='bbox 1426 2048 1579 2116; x_wconf 85' lang='lat' dir='ltr'><strong>ligno</strong></span> 
     </span>
    </p>

    <p class='ocr_par' dir='ltr' id='par_1_6' title="bbox 325 2128 1814 2204">
     <span class='ocr_line' id='line_1_22' title="bbox 325 2128 1814 2204; baseline 0.002 -20"><span class='ocrx_word' id='word_1_139' title='bbox 325 2128 686 2201; x_wconf 86' lang='lat' dir='ltr'><strong>Balsamaque</strong></span> <span class='ocrx_word' id='word_1_140' title='bbox 710 2138 767 2188; x_wconf 86' lang='lat' dir='ltr'><strong>et</strong></span> <span class='ocrx_word' id='word_1_141' title='bbox 793 2135 954 2189; x_wconf 83' lang='lat' dir='ltr'><strong>bacas</strong></span> <span class='ocrx_word' id='word_1_142' title='bbox 979 2150 1196 2204; x_wconf 78' lang='lat' dir='ltr'><strong>semper</strong></span> <span class='ocrx_word' id='word_1_143' title='bbox 1221 2134 1531 2189; x_wconf 81' lang='lat' dir='ltr'><strong>frondentis</strong></span> <span class='ocrx_word' id='word_1_144' title='bbox 1555 2133 1814 2187; x_wconf 67' lang='lat' dir='ltr'><strong>acanthi?</strong></span> 
     </span>
    </p>

    <p class='ocr_par' dir='ltr' id='par_1_7' title="bbox 325 2216 2359 2377">
     <span class='ocr_line' id='line_1_23' title="bbox 326 2216 2359 2290; baseline 0.001 -19"><span class='ocrx_word' id='word_1_145' title='bbox 326 2216 471 2283; x_wconf 82' lang='lat' dir='ltr'><strong>Quid</strong></span> <span class='ocrx_word' id='word_1_146' title='bbox 497 2233 726 2274; x_wconf 87' lang='lat' dir='ltr'><strong>nemora</strong></span> <span class='ocrx_word' id='word_1_147' title='bbox 748 2219 1090 2290; x_wconf 84' lang='lat' dir='ltr'><strong>Aethiopum</strong></span> <span class='ocrx_word' id='word_1_148' title='bbox 1133 2220 1288 2275; x_wconf 85' lang='lat' dir='ltr'><strong>molli</strong></span> <span class='ocrx_word' id='word_1_149' title='bbox 1314 2221 1573 2274; x_wconf 73' lang='lat' dir='ltr'><strong>canentia</strong></span> <span class='ocrx_word' id='word_1_150' title='bbox 1592 2219 1756 2274; x_wconf 67' lang='lat' dir='ltr'><strong>lana?</strong></span> <span class='ocrx_word' id='word_1_151' title='bbox 2257 2221 2359 2273; x_wconf 82' lang='lat'><strong>120</strong></span> 
     </span>
     <span class='ocr_line' id='line_1_24' title="bbox 325 2303 1675 2377; baseline 0.001 -18"><span class='ocrx_word' id='word_1_152' title='bbox 325 2303 658 2375; x_wconf 78' lang='lat' dir='ltr'><strong>Vellei-sque</strong></span> <span class='ocrx_word' id='word_1_153' title='bbox 681 2312 744 2360; x_wconf 83' lang='lat' dir='ltr'><strong>ut</strong></span> <span class='ocrx_word' id='word_1_154' title='bbox 765 2306 918 2361; x_wconf 76' lang='lat' dir='ltr'><strong>toliis</strong></span> <span class='ocrx_word' id='word_1_155' title='bbox 940 2306 1238 2377; x_wconf 79' lang='lat' dir='ltr'><strong>depectant</strong></span> <span class='ocrx_word' id='word_1_156' title='bbox 1261 2306 1454 2361; x_wconf 83' lang='lat' dir='ltr'><strong>tenuia</strong></span> <span class='ocrx_word' id='word_1_157' title='bbox 1476 2304 1675 2361; x_wconf 66' lang='lat' dir='ltr'><strong>Seres?</strong></span> 
     </span>
    </p>

    <p class='ocr_par' dir='ltr' id='par_1_8' title="bbox 328 2391 1645 2464">
     <span class='ocr_line' id='line_1_25' title="bbox 328 2391 1645 2464; baseline 0.002 -19"><span class='ocrx_word' id='word_1_158' title='bbox 328 2393 441 2447; x_wconf 85' lang='lat' dir='ltr'><strong>Aut</strong></span> <span class='ocrx_word' id='word_1_159' title='bbox 465 2408 606 2463; x_wconf 84' lang='lat' dir='ltr'><strong>quos</strong></span> <span class='ocrx_word' id='word_1_160' title='bbox 628 2391 851 2449; x_wconf 82' lang='lat' dir='ltr'><strong>Oceano</strong></span> <span class='ocrx_word' id='word_1_161' title='bbox 875 2396 1102 2463; x_wconf 81' lang='lat' dir='ltr'><strong>propior</strong></span> <span class='ocrx_word' id='word_1_162' title='bbox 1126 2395 1270 2464; x_wconf 83' lang='lat' dir='ltr'><strong>gerit</strong></span> <span class='ocrx_word' id='word_1_163' title='bbox 1293 2392 1455 2448; x_wconf 85' lang='lat' dir='ltr'><strong>India</strong></span> <span class='ocrx_word' id='word_1_164' title='bbox 1476 2393 1645 2461; x_wconf 71' lang='grc'><strong>10000,</strong></span> 
     </span>
    </p>

    <p class='ocr_par' dir='ltr' id='par_1_9' title="bbox 323 2478 1756 2549">
     <span class='ocr_line' id='line_1_26' title="bbox 323 2478 1756 2549; baseline 0.001 -16"><span class='ocrx_word' id='word_1_165' title='bbox 323 2478 574 2535; x_wconf 84' lang='lat' dir='ltr'><strong>Extremi</strong></span> <span class='ocrx_word' id='word_1_166' title='bbox 598 2479 750 2535; x_wconf 86' lang='lat' dir='ltr'><strong>sinus</strong></span> <span class='ocrx_word' id='word_1_167' title='bbox 772 2481 938 2549; x_wconf 82' lang='lat' dir='ltr'><strong>orbis,</strong></span> <span class='ocrx_word' id='word_1_168' title='bbox 965 2481 1062 2534; x_wconf 85' lang='lat' dir='ltr'><strong>ubi</strong></span> <span class='ocrx_word' id='word_1_169' title='bbox 1085 2486 1212 2536; x_wconf 69' lang='lat' dir='ltr'><strong>aera</strong></span> <span class='ocrx_word' id='word_1_170' title='bbox 1237 2482 1459 2536; x_wconf 81' lang='lat' dir='ltr'><strong>vincere</strong></span> <span class='ocrx_word' id='word_1_171' title='bbox 1482 2496 1756 2535; x_wconf 84' lang='lat' dir='ltr'><strong>summum</strong></span> 
     </span>
    </p>

    <p class='ocr_par' dir='ltr' id='par_1_10' title="bbox 325 2566 1697 2637">
     <span class='ocr_line' id='line_1_27' title="bbox 325 2566 1697 2637; baseline 0 -16"><span class='ocrx_word' id='word_1_172' title='bbox 325 2566 562 2623; x_wconf 77' lang='lat' dir='ltr'><strong>Arboris</strong></span> <span class='ocrx_word' id='word_1_173' title='bbox 583 2566 732 2622; x_wconf 87' lang='lat' dir='ltr'><strong>haud</strong></span> <span class='ocrx_word' id='word_1_174' title='bbox 757 2566 898 2623; x_wconf 83' lang='lat' dir='ltr'><strong>ullae</strong></span> <span class='ocrx_word' id='word_1_175' title='bbox 919 2568 1068 2623; x_wconf 83' lang='lat' dir='ltr'><strong>iactu</strong></span> <span class='ocrx_word' id='word_1_176' title='bbox 1093 2574 1326 2637; x_wconf 81' lang='lat' dir='ltr'><strong>potuere</strong></span> <span class='ocrx_word' id='word_1_177' title='bbox 1351 2569 1584 2637; x_wconf 78' lang='lat' dir='ltr'><strong>sagittae</strong></span> <span class='ocrx_word' id='word_1_178' title='bbox 1599 2569 1697 2621; x_wconf 76' lang='grc'><strong>9-</strong></span> 
     </span>
    </p>

    <p class='ocr_par' dir='ltr' id='par_1_11' title="bbox 323 2651 2355 2813">
     <span class='ocr_line' id='line_1_28' title="bbox 323 2651 2355 2725; baseline 0 -18"><span class='ocrx_word' id='word_1_179' title='bbox 323 2651 397 2707; x_wconf 87' lang='lat' dir='ltr'><strong>Et</strong></span> <span class='ocrx_word' id='word_1_180' title='bbox 419 2670 554 2722; x_wconf 79' lang='lat' dir='ltr'><strong>gens</strong></span> <span class='ocrx_word' id='word_1_181' title='bbox 577 2652 672 2709; x_wconf 83' lang='lat' dir='ltr'><strong>illa</strong></span> <span class='ocrx_word' id='word_1_182' title='bbox 695 2654 918 2725; x_wconf 85' lang='lat' dir='ltr'><strong>quidem</strong></span> <span class='ocrx_word' id='word_1_183' title='bbox 943 2656 1178 2725; x_wconf 83' lang='lat' dir='ltr'><strong>sumptis</strong></span> <span class='ocrx_word' id='word_1_184' title='bbox 1205 2672 1316 2711; x_wconf 88' lang='lat' dir='ltr'><strong>non</strong></span> <span class='ocrx_word' id='word_1_185' title='bbox 1347 2656 1506 2710; x_wconf 82' lang='lat' dir='ltr'><strong>tarda</strong></span> <span class='ocrx_word' id='word_1_186' title='bbox 1528 2655 1821 2725; x_wconf 81' lang='lat' dir='ltr'><strong>pharetris.</strong></span> <span class='ocrx_word' id='word_1_187' title='bbox 2255 2656 2355 2708; x_wconf 79' lang='grc'><strong>125</strong></span> 
     </span>
     <span class='ocr_line' id='line_1_29' title="bbox 325 2738 1652 2813; baseline 0.002 -19"><span class='ocrx_word' id='word_1_188' title='bbox 325 2738 508 2795; x_wconf 79' lang='lat' dir='ltr'><strong>Media</strong></span> <span class='ocrx_word' id='word_1_189' title='bbox 529 2740 644 2795; x_wconf 71' lang='lat' dir='ltr'><strong>tert</strong></span> <span class='ocrx_word' id='word_1_190' title='bbox 667 2742 842 2795; x_wconf 85' lang='lat' dir='ltr'><strong>tristis</strong></span> <span class='ocrx_word' id='word_1_191' title='bbox 865 2758 1028 2797; x_wconf 85' lang='lat' dir='ltr'><strong>sucos</strong></span> <span class='ocrx_word' id='word_1_192' title='bbox 1049 2741 1379 2813; x_wconf 84' lang='lat' dir='ltr'><strong>tardumque</strong></span> <span class='ocrx_word' id='word_1_193' title='bbox 1402 2758 1652 2812; x_wconf 82' lang='lat' dir='ltr'><strong>saporem</strong></span> 
     </span>
    </p>

    <p class='ocr_par' dir='ltr' id='par_1_12' title="bbox 323 2824 1552 2899">
     <span class='ocr_line' id='line_1_30' title="bbox 323 2824 1552 2899; baseline 0.002 -20"><span class='ocrx_word' id='word_1_194' title='bbox 323 2824 522 2882; x_wconf 84' lang='lat' dir='ltr'><strong>Felicis</strong></span> <span class='ocrx_word' id='word_1_195' title='bbox 545 2827 691 2891; x_wconf 78' lang='lat' dir='ltr'><strong>mali,</strong></span> <span class='ocrx_word' id='word_1_196' title='bbox 721 2844 832 2898; x_wconf 89' lang='lat' dir='ltr'><strong>quo</strong></span> <span class='ocrx_word' id='word_1_197' title='bbox 856 2844 970 2882; x_wconf 86' lang='lat' dir='ltr'><strong>non</strong></span> <span class='ocrx_word' id='word_1_198' title='bbox 993 2831 1338 2899; x_wconf 80' lang='lat' dir='ltr'><strong>praesentius</strong></span> <span class='ocrx_word' id='word_1_199' title='bbox 1361 2828 1552 2897; x_wconf 80' lang='lat' dir='ltr'><strong>ullum,</strong></span> 
     </span>
    </p>

    <p class='ocr_par' dir='ltr' id='par_1_13' title="bbox 324 2911 1635 2993">
     <span class='ocr_line' id='line_1_31' title="bbox 324 2911 1635 2993; baseline 0.003 -27"><span class='ocrx_word' id='word_1_200' title='bbox 324 2911 532 2968; x_wconf 81' lang='lat' dir='ltr'><strong>Pocula</strong></span> <span class='ocrx_word' id='word_1_201' title='bbox 555 2914 598 2968; x_wconf 84' lang='lat' dir='ltr'><strong>si</strong></span> <span class='ocrx_word' id='word_1_202' title='bbox 627 2914 844 2983; x_wconf 83' lang='lat' dir='ltr'><strong>quando</strong></span> <span class='ocrx_word' id='word_1_203' title='bbox 871 2930 1070 2993; x_wconf 77' lang='lat' dir='ltr'><strong>saevae</strong></span> <span class='ocrx_word' id='word_1_204' title='bbox 1093 2915 1338 2970; x_wconf 71' lang='lat' dir='ltr'><strong>infecere</strong></span> <span class='ocrx_word' id='word_1_205' title='bbox 1357 2930 1635 2971; x_wconf 80' lang='lat' dir='ltr'><strong>novercae</strong></span> 
     </span>
    </p>

    <p class='ocr_par' dir='ltr' id='par_1_14' title="bbox 327 2998 1673 3070">
     <span class='ocr_line' id='line_1_32' title="bbox 327 2998 1673 3070; baseline 0.001 -17"><span class='ocrx_word' id='word_1_206' title='bbox 327 2998 769 3069; x_wconf 78' lang='lat' dir='ltr'><strong>Miscueruntque</strong></span> <span class='ocrx_word' id='word_1_207' title='bbox 793 3000 994 3054; x_wconf 85' lang='lat' dir='ltr'><strong>herbas</strong></span> <span class='ocrx_word' id='word_1_208' title='bbox 1021 3006 1077 3054; x_wconf 85' lang='lat' dir='ltr'><strong>et</strong></span> <span class='ocrx_word' id='word_1_209' title='bbox 1099 3016 1216 3055; x_wconf 87' lang='lat' dir='ltr'><strong>non</strong></span> <span class='ocrx_word' id='word_1_210' title='bbox 1237 3002 1465 3056; x_wconf 78' lang='lat' dir='ltr'><strong>innoxia</strong></span> <span class='ocrx_word' id='word_1_211' title='bbox 1488 3002 1673 3070; x_wconf 79' lang='lat' dir='ltr'><strong>verba,</strong></span> 
     </span>
    </p>

    <p class='ocr_par' dir='ltr' id='par_1_15' title="bbox 325 3085 2365 3243">
     <span class='ocr_line' id='line_1_33' title="bbox 327 3085 2365 3156; baseline -0.001 -17"><span class='ocrx_word' id='word_1_212' title='bbox 327 3085 610 3141; x_wconf 85' lang='lat' dir='ltr'><strong>Auxilium</strong></span> <span class='ocrx_word' id='word_1_213' title='bbox 637 3087 806 3155; x_wconf 85' lang='lat' dir='ltr'><strong>venit,</strong></span> <span class='ocrx_word' id='word_1_214' title='bbox 835 3102 902 3141; x_wconf 84' lang='lat' dir='ltr'><strong>ae</strong></span> <span class='ocrx_word' id='word_1_215' title='bbox 925 3087 1189 3141; x_wconf 84' lang='lat' dir='ltr'><strong>membris</strong></span> <span class='ocrx_word' id='word_1_216' title='bbox 1212 3088 1326 3156; x_wconf 81' lang='lat' dir='ltr'><strong>agit</strong></span> <span class='ocrx_word' id='word_1_217' title='bbox 1350 3094 1471 3142; x_wconf 76' lang='lat' dir='ltr'><strong>atra</strong></span> <span class='ocrx_word' id='word_1_218' title='bbox 1494 3104 1725 3143; x_wconf 76' lang='lat' dir='ltr'><strong>venena.</strong></span> <span class='ocrx_word' id='word_1_219' title='bbox 2260 3086 2365 3137; x_wconf 81' lang='grc'><strong>180</strong></span> 
     </span>
     <span class='ocr_line' id='line_1_34' title="bbox 325 3172 1702 3243; baseline 0.002 -17"><span class='ocrx_word' id='word_1_220' title='bbox 325 3172 451 3242; x_wconf 85' lang='lat' dir='ltr'><strong>Ipsa</strong></span> <span class='ocrx_word' id='word_1_221' title='bbox 473 3174 670 3243; x_wconf 86' lang='lat' dir='ltr'><strong>ingens</strong></span> <span class='ocrx_word' id='word_1_222' title='bbox 693 3174 862 3227; x_wconf 84' lang='lat' dir='ltr'><strong>arbos</strong></span> <span class='ocrx_word' id='word_1_223' title='bbox 884 3172 1193 3243; x_wconf 77' lang='lat' dir='ltr'><strong>faciemque</strong></span> <span class='ocrx_word' id='word_1_224' title='bbox 1217 3174 1493 3229; x_wconf 81' lang='lat' dir='ltr'><strong>simillima</strong></span> <span class='ocrx_word' id='word_1_225' title='bbox 1514 3174 1669 3229; x_wconf 86' lang='lat' dir='ltr'><strong>lauro</strong></span> <span class='ocrx_word' id='word_1_226' title='bbox 1688 3192 1702 3243; x_wconf 78' lang='grc' dir='ltr'>ς</span> 
     </span>
    </p>

    <p class='ocr_par' dir='ltr' id='par_1_16' title="bbox 323 3258 1487 3327">
     <span class='ocr_line' id='line_1_35' title="bbox 323 3258 1487 3327; baseline 0 -15"><span class='ocrx_word' id='word_1_227' title='bbox 323 3258 412 3323; x_wconf 76' lang='lat' dir='ltr'><strong>Et,</strong></span> <span class='ocrx_word' id='word_1_228' title='bbox 441 3261 486 3314; x_wconf 84' lang='lat' dir='ltr'><strong>si</strong></span> <span class='ocrx_word' id='word_1_229' title='bbox 511 3276 626 3314; x_wconf 89' lang='lat' dir='ltr'><strong>non</strong></span> <span class='ocrx_word' id='word_1_230' title='bbox 653 3259 822 3315; x_wconf 84' lang='lat' dir='ltr'><strong>alium</strong></span> <span class='ocrx_word' id='word_1_231' title='bbox 847 3260 957 3314; x_wconf 82' lang='lat' dir='ltr'><strong>late</strong></span> <span class='ocrx_word' id='word_1_232' title='bbox 981 3260 1217 3316; x_wconf 83' lang='lat' dir='ltr'><strong>iactaret</strong></span> <span class='ocrx_word' id='word_1_233' title='bbox 1243 3261 1487 3327; x_wconf 87' lang='lat' dir='ltr'><strong>odorem,</strong></span> 
     </span>
    </p>

    <p class='ocr_par' dir='ltr' id='par_1_17' title="bbox 322 3344 1720 3413">
     <span class='ocr_line' id='line_1_36' title="bbox 322 3344 1720 3413; baseline -0.001 -13"><span class='ocrx_word' id='word_1_234' title='bbox 322 3344 534 3401; x_wconf 80' lang='lat' dir='ltr'><strong>Laurus</strong></span> <span class='ocrx_word' id='word_1_235' title='bbox 557 3351 713 3412; x_wconf 85' lang='lat' dir='ltr'><strong>erat;</strong></span> <span class='ocrx_word' id='word_1_236' title='bbox 753 3344 892 3400; x_wconf 70' lang='lat' dir='ltr'><strong>tolia</strong></span> <span class='ocrx_word' id='word_1_237' title='bbox 913 3346 1064 3400; x_wconf 85' lang='lat' dir='ltr'><strong>haud</strong></span> <span class='ocrx_word' id='word_1_238' title='bbox 1091 3346 1214 3400; x_wconf 85' lang='lat' dir='ltr'><strong>ullis</strong></span> <span class='ocrx_word' id='word_1_239' title='bbox 1237 3346 1485 3401; x_wconf 85' lang='lat' dir='ltr'><strong>labentia</strong></span> <span class='ocrx_word' id='word_1_240' title='bbox 1508 3347 1687 3399; x_wconf 74' lang='lat' dir='ltr'><strong>ventis</strong></span> <span class='ocrx_word' id='word_1_241' title='bbox 1707 3365 1720 3413; x_wconf 89' lang='lat'>;</span> 
     </span>
    </p>

    <p class='ocr_par' dir='ltr' id='par_1_18' title="bbox 325 3430 1709 3503">
     <span class='ocr_line' id='line_1_37' title="bbox 325 3430 1709 3503; baseline -0.001 -18"><span class='ocrx_word' id='word_1_242' title='bbox 325 3430 452 3486; x_wconf 79' lang='lat' dir='ltr'><strong>Flos</strong></span> <span class='ocrx_word' id='word_1_243' title='bbox 474 3432 544 3487; x_wconf 85' lang='lat' dir='ltr'><strong>ad</strong></span> <span class='ocrx_word' id='word_1_244' title='bbox 569 3433 749 3503; x_wconf 81' lang='lat' dir='ltr'><strong>prima</strong></span> <span class='ocrx_word' id='word_1_245' title='bbox 771 3438 939 3486; x_wconf 82' lang='lat' dir='ltr'><strong>tenax</strong></span> <span class='ocrx_word' id='word_1_246' title='bbox 959 3452 973 3499; x_wconf 80' lang='lat'>3</span> <span class='ocrx_word' id='word_1_247' title='bbox 1014 3434 1226 3487; x_wconf 81' lang='lat' dir='ltr'><strong>animas</strong></span> <span class='ocrx_word' id='word_1_248' title='bbox 1251 3440 1306 3486; x_wconf 90' lang='lat' dir='ltr'><strong>et</strong></span> <span class='ocrx_word' id='word_1_249' title='bbox 1331 3432 1539 3485; x_wconf 88' lang='lat' dir='ltr'><strong>olentia</strong></span> <span class='ocrx_word' id='word_1_250' title='bbox 1560 3430 1709 3484; x_wconf 85' lang='lat' dir='ltr'><strong>Medi</strong></span> 
     </span>
    </p>

    <p class='ocr_par' dir='ltr' id='par_1_19' title="bbox 325 3510 2369 3573">
     <span class='ocr_line' id='line_1_38' title="bbox 325 3510 2369 3573; baseline -0.005 -2"><span class='ocrx_word' id='word_1_251' title='bbox 325 3516 438 3572; x_wconf 82' lang='lat' dir='ltr'><strong>Ora</strong></span> <span class='ocrx_word' id='word_1_252' title='bbox 459 3518 655 3572; x_wconf 75' lang='lat' dir='ltr'><strong>fovent</strong></span> <span class='ocrx_word' id='word_1_253' title='bbox 679 3516 776 3571; x_wconf 86' lang='grc'><strong>1110</strong></span> <span class='ocrx_word' id='word_1_254' title='bbox 799 3524 856 3571; x_wconf 87' lang='lat' dir='ltr'><strong>et</strong></span> <span class='ocrx_word' id='word_1_255' title='bbox 881 3518 1104 3571; x_wconf 81' lang='lat' dir='ltr'><strong>senibus</strong></span> <span class='ocrx_word' id='word_1_256' title='bbox 1125 3518 1473 3573; x_wconf 80' lang='lat' dir='ltr'><strong>medicantur</strong></span> <span class='ocrx_word' id='word_1_257' title='bbox 1498 3514 1727 3569; x_wconf 84' lang='lat' dir='ltr'><strong>anhelis.</strong></span> <span class='ocrx_word' id='word_1_258' title='bbox 2266 3510 2369 3561; x_wconf 81' lang='lat'><strong>135</strong></span> 
     </span>
    </p>
   </div>
  </div>
 </body>
</html>
