2725 3892
983 180 1258 233 VEBOELI
1301 180 1633 243 mutuos
1677 182 1791 235 111.

373 341 684 413 Numquam
711 342 908 399 fronde
931 344 1042 398 levi
1065 344 1270 399 fundet
1296 342 1535 412 virgulta
1556 360 1663 399 nec
1686 344 1925 413 umbras,

371 430 512 485 Cum
539 430 708 485 semel
730 430 790 485 in
815 431 968 485 silvis
993 431 1106 487 imo
1133 431 1202 485 de
1227 430 1401 501 stirpe
1424 431 1657 485 recisum

369 515 547 571 Matre
571 522 738 587 caret,
767 518 1056 587 posuitque
1080 534 1265 571 comas
1290 523 1347 572 et
1372 518 1630 579 bracchia
1652 518 1823 583 ferro,

370 602 518 657 Olim
544 604 739 671 arbos;
779 620 928 658 nunc
953 603 1180 661 artificis
1203 588 1399 659 manus
1422 620 1547 659 aere
1572 604 1773 659 decoro

368 688 615 758 Inclusit‚
643 691 1000 760 patribusque
1023 690 1178 745 dedit
1201 696 1417 759 gestare
1440 690 1706 745 Latinis-’⁹

369 774 588 831 Talibus
611 777 756 831 inter
780 794 838 831 se
861 776 1156 832 firmabant
1178 777 1411 831 foedera
1432 777 1595 832 dictis

369 862 682 933 Conspectu
707 864 770 917 in·
790 862 976 919 medio
1001 879 1308 933 procerum.
1384 863 1523 919 Tum
1548 866 1655 929 rite
1678 872 1933 927 sacratas

367 949 434 1003 In
459 949 736 1005 flammam
759 950 1012 1019 iugulant
1037 950 1293 1021 pecudes,
1323 958 1383 1005 et
1408 952 1619 1009 viscera
1642 954 1783 1009 vivis

367 1036 638 1106 Eripiunt,
667 1038 1057 1107 cumulantque
1085 1040 1328 1095 oneratis
1349 1040 1603 1095 lancibus
1624 1058 1765 1097 aras.

352 1125 360 1134 '
392 1120 408 1144 ⁷
437 1125 520 1179 At
542 1141 675 1179 vero
700 1125 922 1183 Rutulis
945 1125 1122 1193 impar
1147 1142 1214 1180 ea
1235 1143 1425 1196 pugna
1447 1128 1625 1183 videri

367 1210 709 1283 Iamdudum,
739 1220 797 1267 et
825 1214 976 1267 vario
999 1215 1220 1269 misceri
1244 1220 1475 1284 pectora
1497 1222 1683 1285 motu3

365 1297 504 1353 Tum
530 1300 718 1369 magis,
751 1306 810 1353 ut
835 1301 1060 1369 propius
1083 1307 1322 1355 cernunt
1343 1318 1459 1357 non
1484 1302 1693 1358 viribus
1716 1302 1923 1373 aequis.

365 1386 614 1441 Adiuvat
637 1387 854 1441 incessu
877 1388 1050 1443 tacito
1075 1404 1395 1457 progressus
1418 1394 1476 1444 et
1500 1405 1655 1445 aram

363 1474 700 1543 Suppliciter
723 1491 992 1531 venerans
1015 1476 1254 1531 demisso
1279 1475 1487 1531 lumine
1511 1475 1743 1545 Turnus,

363 1560 741 1635 Tabentesque
766 1578 938 1630 genae
963 1567 1021 1615 et
1045 1562 1284 1617 iuvenali
1310 1563 1371 1617 iu
1396 1578 1628 1633 corpore
1651 1564 1845 1633 pallor.

364 1648 541 1713 Quem
567 1648 730 1703 simul
753 1666 818 1705 ac
843 1649 1075 1703 Iuturna
1097 1666 1256 1705 soror
1279 1650 1631 1705 crebrescere
1652 1649 1794 1705 vidit.

363 1734 700 1803 Sermonem,
730 1741 786 1790 et
812 1736 958 1804 volgi
985 1737 1195 1791 variare
1219 1736 1467 1791 labantia
1488 1737 1673 1805 corda,

363 1822 428 1876 In
453 1824 662 1877 medias
687 1824 846 1892 acies,
873 1824 1114 1877 formam
1141 1816 1471 1877 adsimulata
1496 1823 1833 1891 Camerti,—

333 1900 346 1919 “
361 1910 468 1965 Oui
493 1927 664 1993 genus
687 1927 722 1965 a
743 1911 968 1979 proavis
989 1911 1199 1979 ingens,
1225 1910 1547 1981 clarumque
1571 1917 1835 1981 paternae

363 1998 582 2055 Nomen
607 2006 726 2055 erat
753 1998 992 2067 virtutis,
1021 2006 1077 2052 et
1101 1998 1219 2067 ipse
1245 1998 1548 2052 acerrimus
1572 1998 1815 2053 armis—-

361 2088 428 2143 In
451 2089 662 2144 medias
685 2088 783 2143 dat
809 2102 928 2141 sese
951 2086 1112 2152 acies,
1140 2084 1290 2140 haud
1317 2086 1504 2140 nescia
1528 2102 1729 2153 rerum,

361 2175 738 2245 Rumoresque
762 2176 898 2229 serit
924 2173 1122 2239 varios,
1153 2188 1218 2227 ac
1243 2172 1375 2227 talia
1400 2172 1582 2225 fatur:

363 2264 398 2291 “
417 2262 548 2317 Non
573 2262 760 2332 pudet,
789 2279 824 2316 ο
849 2260 1062 2329 Rutuli,
1091 2274 1194 2329 pro
1219 2258 1435 2313 cunctis
1458 2258 1661 2315 talibus
1684 2275 1853 2314 uuam

360 2348 654 2404 obiectare
679 2350 916 2405 animam
931 2350 961 2403 R
991 2362 1298 2403 numerone
1321 2362 1393 2401 an
1418 2345 1629 2401 viribus
1650 2347 1813 2417 aequi

359 2434 410 2489 N
417 2452 490 2489 on
517 2437 742 2490 sumus?
813 2436 916 2505 En,
945 2450 1138 2489 omnes
1159 2438 1218 2489 et
1244 2432 1413 2487 Troes
1438 2438 1495 2486 et
1519 2432 1769 2489 Arcades
1793 2432 2021 2501 bisunt,

357 2520 670 2593 Fatalisque
693 2538 904 2591 manus,
927 2522 1144 2579 infensa
1167 2521 1395 2575 Etruria
1416 2519 1619 2575 Turno·

359 2606 476 2663 Vix
497 2608 732 2677 hostem,
761 2608 960 2663 alterni
985 2609 1032 2663 si
1057 2608 1497 2676 congrediamur,
1525 2606 1809 2663 habemus.

357 2693 460 2751 Ille
483 2688 704 2765 quidem
729 2696 798 2750 ad
823 2711 1065 2766 superos,
1093 2712 1330 2766 quorum
1355 2680 1413 2751 'se
1439 2694 1677 2749 devovet
1700 2695 1825 2761 aris,
1892 2754 1895 2757 ,

357 2781 629 2837 Succedet-
651 2782 816 2850 fama,
845 2783 1114 2853 vivusque
1139 2798 1240 2853 per
1265 2798 1364 2837 ora
1386 2782 1633 2849 feretur3

357 2866 489 2936 Nos,
517 2869 699 2938 patria
724 2870 936 2939 amissa,
963 2869 1205 2925 dominis
1226 2885 1421 2939 parere
1446 2866 1695 2937 superbis

357 2952 650 3023 Oogemur,
680 2957 774 3025 qui
799 2972 946 3011 nunc
969 2956 1106 3011 lenti
1131 2954 1481 3011 consedimus
1506 2952 1708 3008 arvis.”

355 3039 578 3095 Talibus
601 3041 826 3097 incensa
849 3050 933 3097 est
957 3044 1218 3099 iuvenum
1241 3040 1519 3095 sententia
1540 3039 1707 3093 dictis

357 3126 474 3181 Iam
503 3128 675 3197 magis
700 3134 864 3197 atque
889 3129 1076 3203 magis,
1105 3128 1387 3197 serpitque
1411 3142 1511 3195 per
1534 3126 1755 3195 agmina
1777 3142 2061 3194 murmur3

357 3212 468 3282 Ipsi
493 3214 796 3279 Laurentes
819 3216 1018 3269 mutati
1043 3215 1256 3283 ipsique
1281 3213 1482 3267 Latini.

355 3299 464 3364 Qui
491 3301 592 3355 sibi
617 3301 728 3355 iam
751 3284 996 3371 requiem
1021 3317 1240 3370 pugnae
1263 3300 1537 3369 rebusque
1562 3300 1796 3357 salutem

354 3384 688 3461 Sperabant,
707 3404 855 3441 nunc
879 3402 1036 3462 arma
1057 3387 1272 3454 volunt,
1293 3387 1597 3458 foedusque
1620 3392 1919 3458 precantur

355 3468 643 3539 Infectam,
671 3478 731 3525 et
755 3470 922 3527 Turni
949 3481 1156 3529 sot-rom
1181 3474 1515 3531 miserantur
1538 3476 1801 3545 iniquam.

2302 611 2409 663 210

2300 1046 2403 1097 215

2295 1480 2405 1545 220

2296 1916 2401 1969 225

2294 2352 2401 2405 230

2693 2788 2701 3078 f

2286 3220 2395 3271 240
2672 3198 2693 3602 1
