2725 3892
989 215 1266 266 VERGILI
1309 217 1640 268 ammos
1682 218 1747 268 V.

353 373 621 440 Quamvis
639 374 786 430 solus
811 391 968 430 avem
995 376 1152 431 caelo
1177 377 1377 430 deiecit
1402 378 1472 431 ab
1498 377 1630 432 alto,

350 462 644 517 Proximus
667 462 976 530 ingreditur
1000 464 1174 533 donis,
1205 464 1294 533 qui
1321 465 1543 519 vincula
1566 466 1731 534 rupit,

350 547 663 618 Extremus,
691 549 904 604 volucri
929 551 1022 619 qui
1051 550 1170 604 fixit
1195 551 1511 605 harundine
1533 551 1757 606 malum.

421 637 500 690 At
524 641 681 704 pater
707 635 941 704 Aeneas,
969 637 1216 690 nondum
1245 639 1547 693 certamine
1574 638 1756 706 misso,

349 721 648 776 Custodem
675 721 742 776 ad
769 739 886 776 sese
913 724 1282 792 comitemque
1307 723 1549 793 impubis
1576 723 1683 777 Iuli

348 808 626 878 Epytiden
655 816 832 876 vocat,
865 815 920 864 et
945 809 1110 863 fidam
1139 811 1216 863 sic
1240 810 1391 864 fatur
1415 809 1484 864 ad
1510 827 1695 864 aurem
1720 830 1731 864 :

352 897 385 924 “
403 894 564 950 Vade
587 913 704 963 age,
735 901 791 950 et
817 895 1076 964 Ascanio,
1107 895 1153 948 si
1179 896 1288 950 iam
1314 895 1527 964 puerile
1553 903 1805 965 paratum

349 980 566 1050 Agmen
591 981 763 1036 habet
786 999 985 1050 secum,
1016 998 1316 1052 cursusque
1343 983 1609 1038 instruxit
1636 1001 1921 1056 equorum,

347 1067 528 1123 Ducat
552 1085 657 1124 avo
681 1075 908 1136 turmas,
937 1077 995 1124 et
1017 1085 1134 1124 sese
1161 1069 1419 1124 ostendat
1442 1071 1501 1122 in
1528 1071 1709 1139 armis,

347 1154 452 1208 Dic
469 1155 500 1182 ”
527 1156 622 1210 ait.
697 1154 822 1225 Ipse
847 1171 1064 1211 omnem
1091 1157 1258 1226 longo
1283 1155 1549 1210 decedere
1574 1157 1721 1212 circo

347 1239 598 1294 Infusum
623 1243 904 1312 populum,
933 1248 990 1296 et
1015 1258 1242 1312 campos
1267 1244 1423 1297 iubet
1448 1259 1567 1297 esse
1594 1245 1854 1312 patentis.

346 1326 619 1381 Incedunt
641 1330 813 1397 pueri,
843 1329 1160 1398 pariterque
1185 1337 1316 1384 ante
1343 1345 1445 1384 ora
1465 1335 1759 1398 parentum

313 1465 322 1473 ,
349 1411 599 1468 Frenutis
621 1414 812 1468 lucent
834 1415 891 1468 in
915 1415 1084 1484 equis,
1113 1431 1254 1484 quos
1279 1417 1465 1468 omnis
1496 1417 1679 1470 euntis

344 1499 434 1552 Tri
443 1500 658 1554 neeriae
683 1501 883 1555 mirata
903 1502 1098 1556 fremit
1121 1502 1423 1571 Troiaeque
1453 1503 1726 1558 iuventus.

345 1585 618 1641 Omnibus
643 1587 697 1640 in
725 1603 936 1641 morem
961 1593 1124 1642 tonsa
1145 1605 1304 1642 coma
1327 1605 1517 1657 pressa
1542 1605 1777 1659 corona3

345 1673 564 1728 Cornea
585 1674 717 1728 bina
739 1674 930 1729 serunt
954 1675 1200 1744 praefixa
1221 1674 1443 1730 hastilia
1470 1677 1631 1744 ferro,

343 1760 478 1814 Pars
503 1760 641 1814 levis
665 1777 856 1816 umero
879 1761 1194 1831 pharetras3
1237 1763 1282 1814 it
1307 1773 1533 1830 pectore
1560 1779 1775 1820 summo

343 1847 565 1901 Flexilis
589 1847 802 1902 obtorti
825 1864 926 1918 per
951 1849 1150 1904 collum
1175 1848 1412 1903 circulus
1438 1852 1573 1904 auri.

341 1933 472 1988 Tres
497 1933 744 2002 equitum
768 1951 1002 1989 numero
1025 1941 1258 2004 turmae,
1287 1936 1541 2006 ternique
1567 1949 1841 2007 vagantur

341 2020 642 2088 Ductores3
685 2021 841 2090 pueri
863 2021 948 2076 bis
971 2023 1088 2076 seni
1113 2039 1385 2093 quemque
1410 2025 1585 2078 secuti

340 2109 582 2176 Agmine
607 2108 816 2178 partito
839 2108 1055 2177 fulgent
1078 2110 1409 2180 paribusque
1446 2113 1743 2181 magistris.

343 2195 466 2250 Una
489 2196 632 2251 acies
656 2196 934 2264 iuvenum,
962 2196 1116 2250 ducit
1139 2213 1304 2266 quam
1327 2214 1533 2267 parvus
1556 2205 1815 2255 ovantem

341 2281 560 2336 Nomen
585 2283 674 2336 avi
701 2283 944 2336 referens
967 2281 1235 2351 Priamus,
1263 2289 1362 2339 tua
1386 2285 1549 2354 clara,
1580 2287 1777 2354 Polite,

340 2369 656 2436 Progenies,
683 2373 912 2422 auctura
935 2368 1136 2437 Italos;
1179 2387 1344 2438 quem
1372 2372 1637 2427 Thracius
1667 2374 1807 2428 albia

338 2454 534 2508 Portat
559 2470 732 2522 equus
756 2454 967 2508 bicolor
991 2456 1236 2524 maculis,
1267 2458 1502 2527 vestigia
1526 2460 1693 2528 primi

339 2540 484 2594 Alba
511 2540 665 2608 pedis
700 2541 1048 2611 frontemque
1069 2548 1356 2598 ostentans
1382 2545 1585 2598 arduus
1611 2545 1809 2600 albam.

310 2683 316 2689 ,
338 2627 502 2681 Alter
525 2629 686 2696 Atys,
707 2643 882 2696 genus
905 2628 1052 2682 unde
1078 2628 1196 2682 Atii
1223 2629 1433 2684 duxere
1456 2631 1653 2696 Latini,

337 2714 550 2768 Parvus
574 2715 734 2782 Atys,
763 2729 1046 2783 pueroque
1067 2732 1208 2784 puer
1233 2716 1465 2770 dilectus
1489 2716 1627 2771 Iulo.

335 2802 648 2875 Extremus,
675 2802 964 2870 formaque
989 2807 1120 2858 aute
1143 2803 1326 2858 omnis
1349 2803 1593 2872 pulcher,
1620 2803 1777 2859 Iulus

336 2889 564 2944 Sidonio
589 2892 675 2943 est
696 2887 950 2943 invectus
973 2905 1130 2959 equo,
1161 2905 1328 2958 quem
1352 2889 1593 2944 candida
1615 2889 1767 2945 Dido

335 2977 468 3030 Esse
493 2977 576 3030 sui
601 2975 832 3030 dederat
855 2981 1276 3030 mouumentum
1303 2982 1360 3030 et
1384 2977 1583 3045 pignus
1607 2977 1826 3032 amoris.

337 3063 536 3118 Cetera
559 3062 854 3118 Trinacriis
879 3063 1054 3131 pubes
1081 3063 1312 3116 senioris
1343 3063 1578 3118 Acestae

333 3151 531 3203 Fertur
555 3150 725 3219 equis.

333 3237 634 3306 Excipiunt
656 3236 852 3307 plausu
879 3235 1124 3305 pavidos,
1151 3234 1501 3305 gaudentque
1526 3240 1747 3290 tuentes

334 3323 701 3393 Dardanidae,
731 3329 1090 3394 veterumque
1116 3330 1423 3392 agnoscunt
1446 3339 1547 3376 ora
1572 3327 1879 3392 parentum.

333 3411 634 3482 Postquam
659 3427 882 3466 omnem
905 3410 1038 3467 laeti
1063 3427 1377 3465 consessum
1404 3411 1701 3482 oculosque
1724 3423 1947 3466 suorum

333 3497 664 3554 Lustravere
689 3500 746 3553 in
772 3499 941 3570 equis,
969 3499 1188 3568 signum
1213 3499 1457 3555 clamore
1480 3501 1691 3570 paratis

2280 643 2384 695 545

2278 1076 2385 1128 550

2274 1509 2379 1562 555

2268 1945 2376 1997 560

2269 2376 2375 2428 565

2268 2809 2374 2864 570

2256 3238 2327 3296 57
2328 3241 2363 3292 5
