<?xml version="1.0" encoding="UTF-8"?>
<!DOCTYPE html PUBLIC "-//W3C//DTD XHTML 1.0 Transitional//EN"
    "http://www.w3.org/TR/xhtml1/DTD/xhtml1-transitional.dtd">
<html xmlns="http://www.w3.org/1999/xhtml" xml:lang="en" lang="en">
 <head>
  <title>
</title>
<meta http-equiv="Content-Type" content="text/html;charset=utf-8" />
  <meta name='ocr-system' content='tesseract 3.04.00' />
  <meta name='ocr-capabilities' content='ocr_page ocr_carea ocr_par ocr_line ocrx_word'/>
</head>
<body>
  <div class='ocr_page' id='page_1' title='image "arevisedtextpoe01virggoog_0178.png"; bbox 0 0 2725 3892; ppageno 0'>
   <div class='ocr_carea' id='block_1_1' title="bbox 1002 199 1797 250">
    <p class='ocr_par' dir='ltr' id='par_1_1' title="bbox 1002 199 1797 250">
     <span class='ocr_line' id='line_1_1' title="bbox 1002 199 1797 250; baseline 0 0"><span class='ocrx_word' id='word_1_1' title='bbox 1002 199 1276 250; x_wconf 69' lang='lat' dir='ltr'>VERGILI</span> <span class='ocrx_word' id='word_1_2' title='bbox 1321 199 1651 250; x_wconf 74' lang='lat' dir='ltr'><strong>AENEIDOS</strong></span> <span class='ocrx_word' id='word_1_3' title='bbox 1694 199 1797 250; x_wconf 72' lang='lat'><em>111:</em></span> 
     </span>
    </p>
   </div>
   <div class='ocr_carea' id='block_1_2' title="bbox 376 361 2417 3212">
    <p class='ocr_par' dir='ltr' id='par_1_2' title="bbox 376 361 2417 3212">
     <span class='ocr_line' id='line_1_2' title="bbox 379 361 1798 432; baseline -0.002 -15"><span class='ocrx_word' id='word_1_4' title='bbox 379 363 454 418; x_wconf 81' lang='lat' dir='ltr'><strong>Et</strong></span> <span class='ocrx_word' id='word_1_5' title='bbox 477 378 680 418; x_wconf 88' lang='lat' dir='ltr'><strong>conum</strong></span> <span class='ocrx_word' id='word_1_6' title='bbox 708 362 940 432; x_wconf 82' lang='lat' dir='ltr'><strong>insignis</strong></span> <span class='ocrx_word' id='word_1_7' title='bbox 963 361 1151 431; x_wconf 79' lang='lat' dir='ltr'><strong>galeae</strong></span> <span class='ocrx_word' id='word_1_8' title='bbox 1177 361 1481 431; x_wconf 85' lang='lat' dir='ltr'><strong>cristasque</strong></span> <span class='ocrx_word' id='word_1_9' title='bbox 1506 361 1798 430; x_wconf 84' lang='lat' dir='ltr'><strong>comantis,</strong></span> 
     </span>
     <span class='ocr_line' id='line_1_3' title="bbox 379 448 1810 518; baseline -0.001 -13"><span class='ocrx_word' id='word_1_10' title='bbox 379 450 556 505; x_wconf 82' lang='lat' dir='ltr'><strong>Arma</strong></span> <span class='ocrx_word' id='word_1_11' title='bbox 579 448 953 518; x_wconf 75' lang='lat' dir='ltr'><strong>Neoptolemi.</strong></span> <span class='ocrx_word' id='word_1_12' title='bbox 1029 449 1172 504; x_wconf 82' lang='lat' dir='ltr'><strong>Sunt</strong></span> <span class='ocrx_word' id='word_1_13' title='bbox 1195 454 1255 502; x_wconf 87' lang='lat' dir='ltr'><strong>et</strong></span> <span class='ocrx_word' id='word_1_14' title='bbox 1277 465 1380 504; x_wconf 82' lang='lat' dir='ltr'><strong>sua</strong></span> <span class='ocrx_word' id='word_1_15' title='bbox 1402 448 1551 502; x_wconf 86' lang='lat' dir='ltr'><strong>dona</strong></span> <span class='ocrx_word' id='word_1_16' title='bbox 1575 449 1810 517; x_wconf 75' lang='lat' dir='ltr'><strong>parenti.</strong></span> 
     </span>
     <span class='ocr_line' id='line_1_4' title="bbox 379 535 2417 606; baseline 0 -15"><span class='ocrx_word' id='word_1_17' title='bbox 379 536 558 591; x_wconf 81' lang='lat' dir='ltr'>Addit</span> <span class='ocrx_word' id='word_1_18' title='bbox 581 551 764 606; x_wconf 86' lang='lat' dir='ltr'><strong>equos,</strong></span> <span class='ocrx_word' id='word_1_19' title='bbox 796 535 1060 605; x_wconf 76' lang='lat' dir='ltr'>additque</span> <span class='ocrx_word' id='word_1_20' title='bbox 1084 535 1282 600; x_wconf 64' lang='lat' dir='ltr'><strong>ducesz</strong></span> <span class='ocrx_word' id='word_1_21' title='bbox 2312 535 2417 593; x_wconf 73' lang='grc'><strong>470</strong></span> 
     </span>
     <span class='ocr_line' id='line_1_5' title="bbox 379 619 1833 692; baseline -0.001 -15"><span class='ocrx_word' id='word_1_22' title='bbox 379 623 688 692; x_wconf 80' lang='lat' dir='ltr'><strong>Remigium</strong></span> <span class='ocrx_word' id='word_1_23' title='bbox 714 621 965 692; x_wconf 87' lang='lat' dir='ltr'><strong>supplet;</strong></span> <span class='ocrx_word' id='word_1_24' title='bbox 1007 622 1188 676; x_wconf 87' lang='lat' dir='ltr'><strong>socios</strong></span> <span class='ocrx_word' id='word_1_25' title='bbox 1213 621 1375 676; x_wconf 81' lang='lat' dir='ltr'><strong>simul</strong></span> <span class='ocrx_word' id='word_1_26' title='bbox 1401 619 1629 675; x_wconf 84' lang='lat' dir='ltr'><strong>instruit</strong></span> <span class='ocrx_word' id='word_1_27' title='bbox 1652 620 1833 676; x_wconf 86' lang='lat' dir='ltr'><strong>armis.</strong></span> 
     </span>
     <span class='ocr_line' id='line_1_6' title="bbox 447 707 1554 776; baseline -0.005 -10"><span class='ocrx_word' id='word_1_28' title='bbox 447 709 672 766; x_wconf 86' lang='lat' dir='ltr'><strong>Interea</strong></span> <span class='ocrx_word' id='word_1_29' title='bbox 695 709 922 763; x_wconf 85' lang='lat' dir='ltr'><strong>classem</strong></span> <span class='ocrx_word' id='word_1_30' title='bbox 949 707 1085 762; x_wconf 85' lang='lat' dir='ltr'><strong>velis</strong></span> <span class='ocrx_word' id='word_1_31' title='bbox 1109 713 1300 776; x_wconf 84' lang='lat' dir='ltr'><strong>aptare</strong></span> <span class='ocrx_word' id='word_1_32' title='bbox 1325 707 1554 762; x_wconf 80' lang='lat' dir='ltr'><strong>iubebat</strong></span> 
     </span>
     <span class='ocr_line' id='line_1_7' title="bbox 381 793 1693 866; baseline -0.003 -14"><span class='ocrx_word' id='word_1_33' title='bbox 381 797 667 866; x_wconf 75' lang='lat' dir='ltr'>Anchises,</span> <span class='ocrx_word' id='word_1_34' title='bbox 695 795 854 850; x_wconf 85' lang='lat' dir='ltr'><strong>fleret</strong></span> <span class='ocrx_word' id='word_1_35' title='bbox 879 802 1047 849; x_wconf 81' lang='lat' dir='ltr'><strong>vento</strong></span> <span class='ocrx_word' id='word_1_36' title='bbox 1071 809 1232 848; x_wconf 86' lang='lat' dir='ltr'><strong>mora</strong></span> <span class='ocrx_word' id='word_1_37' title='bbox 1253 810 1324 848; x_wconf 90' lang='lat' dir='ltr'><strong>ne</strong></span> <span class='ocrx_word' id='word_1_38' title='bbox 1345 810 1453 863; x_wconf 82' lang='lat' dir='ltr'><strong>qus</strong></span> <span class='ocrx_word' id='word_1_39' title='bbox 1477 793 1693 848; x_wconf 84' lang='lat' dir='ltr'><strong>ferenti.</strong></span> 
     </span>
     <span class='ocr_line' id='line_1_8' title="bbox 379 881 1883 952; baseline -0.001 -15"><span class='ocrx_word' id='word_1_40' title='bbox 379 885 556 951; x_wconf 81' lang='lat' dir='ltr'><strong>Quem</strong></span> <span class='ocrx_word' id='word_1_41' title='bbox 582 883 796 939; x_wconf 81' lang='lat' dir='ltr'>Phoebi</span> <span class='ocrx_word' id='word_1_42' title='bbox 819 883 1095 952; x_wconf 76' lang='lat' dir='ltr'><strong>interpres</strong></span> <span class='ocrx_word' id='word_1_43' title='bbox 1117 881 1298 936; x_wconf 88' lang='lat' dir='ltr'><strong>multo</strong></span> <span class='ocrx_word' id='word_1_44' title='bbox 1323 881 1619 950; x_wconf 82' lang='lat' dir='ltr'><strong>compellat</strong></span> <span class='ocrx_word' id='word_1_45' title='bbox 1641 881 1883 937; x_wconf 84' lang='lat' dir='ltr'><strong>honore:</strong></span> 
     </span>
     <span class='ocr_line' id='line_1_9' title="bbox 381 968 2413 1040; baseline -0.001 -15"><span class='ocrx_word' id='word_1_46' title='bbox 381 974 416 1001; x_wconf 91' lang='lat'><strong>‘·</strong></span> <span class='ocrx_word' id='word_1_47' title='bbox 433 971 721 1040; x_wconf 80' lang='lat' dir='ltr'><strong>Coniugio,</strong></span> <span class='ocrx_word' id='word_1_48' title='bbox 751 970 1010 1038; x_wconf 85' lang='lat' dir='ltr'><strong>Anchise,</strong></span> <span class='ocrx_word' id='word_1_49' title='bbox 1041 968 1280 1024; x_wconf 87' lang='lat' dir='ltr'><strong>Veneris</strong></span> <span class='ocrx_word' id='word_1_50' title='bbox 1305 968 1533 1037; x_wconf 79' lang='lat' dir='ltr'><strong>dignate</strong></span> <span class='ocrx_word' id='word_1_51' title='bbox 1558 968 1811 1038; x_wconf 83' lang='lat' dir='ltr'><strong>superbo,</strong></span> <span class='ocrx_word' id='word_1_52' title='bbox 2308 968 2413 1025; x_wconf 70' lang='lat'><strong>475</strong></span> 
     </span>
     <span class='ocr_line' id='line_1_10' title="bbox 379 1055 1615 1127; baseline -0.004 -15"><span class='ocrx_word' id='word_1_53' title='bbox 379 1057 527 1112; x_wconf 86' lang='lat' dir='ltr'><strong>Oura</strong></span> <span class='ocrx_word' id='word_1_54' title='bbox 548 1058 728 1127; x_wconf 90' lang='lat' dir='ltr'><strong>deum,</strong></span> <span class='ocrx_word' id='word_1_55' title='bbox 758 1059 844 1112; x_wconf 91' lang='lat' dir='ltr'><strong>bis</strong></span> <span class='ocrx_word' id='word_1_56' title='bbox 868 1057 1184 1126; x_wconf 77' lang='lat' dir='ltr'><strong>Pergameis</strong></span> <span class='ocrx_word' id='word_1_57' title='bbox 1207 1061 1399 1124; x_wconf 81' lang='lat' dir='ltr'><strong>erepte</strong></span> <span class='ocrx_word' id='word_1_58' title='bbox 1426 1055 1615 1123; x_wconf 88' lang='lat' dir='ltr'><strong>ruinis,</strong></span> 
     </span>
     <span class='ocr_line' id='line_1_11' title="bbox 377 1139 1877 1211; baseline -0.001 -13"><span class='ocrx_word' id='word_1_59' title='bbox 377 1144 522 1199; x_wconf 86' lang='lat' dir='ltr'><strong>Ecee</strong></span> <span class='ocrx_word' id='word_1_60' title='bbox 545 1145 648 1200; x_wconf 89' lang='lat' dir='ltr'><strong>tibi</strong></span> <span class='ocrx_word' id='word_1_61' title='bbox 673 1145 957 1199; x_wconf 78' lang='lat' dir='ltr'><strong>Ausoniae</strong></span> <span class='ocrx_word' id='word_1_62' title='bbox 981 1143 1180 1210; x_wconf 78' lang='lat' dir='ltr'><strong>tellus3</strong></span> <span class='ocrx_word' id='word_1_63' title='bbox 1219 1143 1362 1196; x_wconf 88' lang='lat' dir='ltr'><strong>hanc</strong></span> <span class='ocrx_word' id='word_1_64' title='bbox 1388 1143 1573 1211; x_wconf 79' lang='lat' dir='ltr'><strong>arripe</strong></span> <span class='ocrx_word' id='word_1_65' title='bbox 1598 1139 1877 1196; x_wconf 49' lang='lat' dir='ltr'><strong>velius</strong></span> 
     </span>
     <span class='ocr_line' id='line_1_12' title="bbox 376 1229 1879 1300; baseline -0.002 -14"><span class='ocrx_word' id='word_1_66' title='bbox 376 1231 450 1286; x_wconf 86' lang='lat' dir='ltr'><strong>Et</strong></span> <span class='ocrx_word' id='word_1_67' title='bbox 474 1237 662 1286; x_wconf 89' lang='lat' dir='ltr'><strong>tamen</strong></span> <span class='ocrx_word' id='word_1_68' title='bbox 687 1232 834 1286; x_wconf 88' lang='lat' dir='ltr'><strong>hanc</strong></span> <span class='ocrx_word' id='word_1_69' title='bbox 859 1232 1054 1300; x_wconf 77' lang='lat' dir='ltr'><strong>pelago</strong></span> <span class='ocrx_word' id='word_1_70' title='bbox 1077 1229 1489 1300; x_wconf 76' lang='lat' dir='ltr'><strong>praeterlabare</strong></span> <span class='ocrx_word' id='word_1_71' title='bbox 1516 1245 1738 1284; x_wconf 87' lang='lat' dir='ltr'><strong>necesse</strong></span> <span class='ocrx_word' id='word_1_72' title='bbox 1764 1234 1879 1296; x_wconf 79' lang='lat' dir='ltr'><strong>est3</strong></span> 
     </span>
     <span class='ocr_line' id='line_1_13' title="bbox 377 1315 1834 1387; baseline -0.001 -15"><span class='ocrx_word' id='word_1_73' title='bbox 377 1318 662 1373; x_wconf 74' lang='lat' dir='ltr'><strong>Ausoniae</strong></span> <span class='ocrx_word' id='word_1_74' title='bbox 685 1334 815 1386; x_wconf 87' lang='lat' dir='ltr'><strong>pars</strong></span> <span class='ocrx_word' id='word_1_75' title='bbox 837 1317 933 1373; x_wconf 86' lang='lat' dir='ltr'><strong>illa</strong></span> <span class='ocrx_word' id='word_1_76' title='bbox 955 1317 1166 1387; x_wconf 85' lang='lat' dir='ltr'><strong>procul,</strong></span> <span class='ocrx_word' id='word_1_77' title='bbox 1196 1333 1360 1386; x_wconf 84' lang='lat' dir='ltr'><strong>quam</strong></span> <span class='ocrx_word' id='word_1_78' title='bbox 1388 1315 1587 1385; x_wconf 88' lang='lat' dir='ltr'><strong>pandit</strong></span> <span class='ocrx_word' id='word_1_79' title='bbox 1612 1315 1834 1384; x_wconf 74' lang='lat' dir='ltr'><strong>Apollo·</strong></span> 
     </span>
     <span class='ocr_line' id='line_1_14' title="bbox 377 1401 2413 1473; baseline -0.001 -15"><span class='ocrx_word' id='word_1_80' title='bbox 377 1404 596 1472; x_wconf 75' lang='lat' dir='ltr'><strong>Vade,&#39;&#39;</strong></span> <span class='ocrx_word' id='word_1_81' title='bbox 623 1405 715 1472; x_wconf 85' lang='lat' dir='ltr'><strong>ait,</strong></span> <span class='ocrx_word' id='word_1_82' title='bbox 749 1407 785 1434; x_wconf 78' lang='lat'><strong>‘⁶</strong></span> <span class='ocrx_word' id='word_1_83' title='bbox 804 1421 839 1458; x_wconf 93' lang='lat' dir='ltr'><strong>o</strong></span> <span class='ocrx_word' id='word_1_84' title='bbox 860 1405 998 1458; x_wconf 78' lang='lat' dir='ltr'><strong>felix</strong></span> <span class='ocrx_word' id='word_1_85' title='bbox 1023 1403 1141 1459; x_wconf 85' lang='lat' dir='ltr'><strong>nati</strong></span> <span class='ocrx_word' id='word_1_86' title='bbox 1164 1404 1389 1473; x_wconf 85' lang='lat' dir='ltr'><strong>pietate.</strong></span> <span class='ocrx_word' id='word_1_87' title='bbox 1465 1401 1611 1467; x_wconf 85' lang='lat' dir='ltr'><strong>Quid</strong></span> <span class='ocrx_word' id='word_1_88' title='bbox 1636 1401 1783 1456; x_wconf 78' lang='lat' dir='ltr'><strong>ultra</strong></span> <span class='ocrx_word' id='word_1_89' title='bbox 2308 1405 2413 1456; x_wconf 85' lang='lat'><strong>480</strong></span> 
     </span>
     <span class='ocr_line' id='line_1_15' title="bbox 376 1490 1856 1560; baseline -0.002 -14"><span class='ocrx_word' id='word_1_90' title='bbox 376 1490 665 1546; x_wconf 80' lang='lat' dir='ltr'><strong>Provehor</strong></span> <span class='ocrx_word' id='word_1_91' title='bbox 689 1497 748 1545; x_wconf 88' lang='lat' dir='ltr'><strong>et</strong></span> <span class='ocrx_word' id='word_1_92' title='bbox 769 1491 942 1545; x_wconf 72' lang='lat' dir='ltr'><strong>fando</strong></span> <span class='ocrx_word' id='word_1_93' title='bbox 967 1493 1242 1560; x_wconf 81' lang='lat' dir='ltr'><strong>surgentis</strong></span> <span class='ocrx_word' id='word_1_94' title='bbox 1263 1492 1527 1545; x_wconf 85' lang='lat' dir='ltr'><strong>demoror</strong></span> <span class='ocrx_word' id='word_1_95' title='bbox 1553 1491 1803 1544; x_wconf 70' lang='lat' dir='ltr'><strong>austros?</strong></span> <span class='ocrx_word' id='word_1_96' title='bbox 1824 1491 1856 1520; x_wconf 91' lang='lat'>”</span> 
     </span>
     <span class='ocr_line' id='line_1_16' title="bbox 379 1576 1945 1647; baseline 0.001 -16"><span class='ocrx_word' id='word_1_97' title='bbox 379 1576 499 1642; x_wconf 80' lang='lat' dir='ltr'><strong>Nee</strong></span> <span class='ocrx_word' id='word_1_98' title='bbox 525 1579 708 1632; x_wconf 89' lang='lat' dir='ltr'><strong>minus</strong></span> <span class='ocrx_word' id='word_1_99' title='bbox 727 1578 1136 1645; x_wconf 83' lang='lat' dir='ltr'><strong>Andromache,</strong></span> <span class='ocrx_word' id='word_1_100' title='bbox 1165 1578 1413 1646; x_wconf 80' lang='lat' dir='ltr'><strong>digressu</strong></span> <span class='ocrx_word' id='word_1_101' title='bbox 1439 1585 1649 1632; x_wconf 76' lang='lat' dir='ltr'><strong>maesta</strong></span> <span class='ocrx_word' id='word_1_102' title='bbox 1674 1593 1945 1647; x_wconf 84' lang='lat' dir='ltr'><strong>supremo,</strong></span> 
     </span>
     <span class='ocr_line' id='line_1_17' title="bbox 376 1665 1529 1735; baseline 0.001 -16"><span class='ocrx_word' id='word_1_103' title='bbox 376 1665 510 1720; x_wconf 86' lang='lat' dir='ltr'><strong>Fert</strong></span> <span class='ocrx_word' id='word_1_104' title='bbox 533 1667 834 1735; x_wconf 86' lang='lat' dir='ltr'><strong>picturatas</strong></span> <span class='ocrx_word' id='word_1_105' title='bbox 861 1667 982 1721; x_wconf 79' lang='lat' dir='ltr'><strong>auri</strong></span> <span class='ocrx_word' id='word_1_106' title='bbox 1008 1665 1318 1720; x_wconf 75' lang='lat' dir='ltr'><strong>subtemine</strong></span> <span class='ocrx_word' id='word_1_107' title='bbox 1344 1669 1529 1720; x_wconf 83' lang='lat' dir='ltr'><strong>vestes</strong></span> 
     </span>
     <span class='ocr_line' id='line_1_18' title="bbox 376 1751 1980 1822; baseline -0.001 -16"><span class='ocrx_word' id='word_1_108' title='bbox 376 1752 452 1808; x_wconf 90' lang='lat' dir='ltr'><strong>Et</strong></span> <span class='ocrx_word' id='word_1_109' title='bbox 474 1752 773 1821; x_wconf 77' lang='lat' dir='ltr'><strong>Phrygiam</strong></span> <span class='ocrx_word' id='word_1_110' title='bbox 799 1753 1042 1806; x_wconf 74' lang='lat' dir='ltr'><strong>Ascanio</strong></span> <span class='ocrx_word' id='word_1_111' title='bbox 1067 1752 1433 1822; x_wconf 76' lang='lat' dir='ltr'><strong>chlamydem,</strong></span> <span class='ocrx_word' id='word_1_112' title='bbox 1460 1768 1564 1807; x_wconf 89' lang='lat' dir='ltr'><strong>nec</strong></span> <span class='ocrx_word' id='word_1_113' title='bbox 1592 1751 1741 1806; x_wconf 83' lang='lat' dir='ltr'><strong>cedit</strong></span> <span class='ocrx_word' id='word_1_114' title='bbox 1765 1751 1980 1820; x_wconf 87' lang='lat' dir='ltr'><strong>honori,</strong></span> 
     </span>
     <span class='ocr_line' id='line_1_19' title="bbox 377 1839 2409 1909; baseline -0.001 -16"><span class='ocrx_word' id='word_1_115' title='bbox 377 1839 788 1909; x_wconf 67' lang='lat' dir='ltr'><strong>&#39;textilibusque</strong></span> <span class='ocrx_word' id='word_1_116' title='bbox 815 1844 1010 1894; x_wconf 80' lang='lat' dir='ltr'><strong>onerat</strong></span> <span class='ocrx_word' id='word_1_117' title='bbox 1032 1839 1210 1907; x_wconf 85' lang='lat' dir='ltr'><strong>donis,</strong></span> <span class='ocrx_word' id='word_1_118' title='bbox 1239 1856 1303 1894; x_wconf 88' lang='lat' dir='ltr'><strong>ac</strong></span> <span class='ocrx_word' id='word_1_119' title='bbox 1327 1839 1464 1894; x_wconf 79' lang='lat' dir='ltr'><strong>talia</strong></span> <span class='ocrx_word' id='word_1_120' title='bbox 1484 1840 1668 1894; x_wconf 78' lang='lat' dir='ltr'><strong>fatur:</strong></span> <span class='ocrx_word' id='word_1_121' title='bbox 2307 1841 2409 1892; x_wconf 79' lang='lat'><strong>485</strong></span> 
     </span>
     <span class='ocr_line' id='line_1_20' title="bbox 381 1926 2147 1996; baseline 0 -16"><span class='ocrx_word' id='word_1_122' title='bbox 381 1929 415 1957; x_wconf 79' lang='lat'><strong>‘⁴</strong></span> <span class='ocrx_word' id='word_1_123' title='bbox 433 1927 639 1996; x_wconf 86' lang='lat' dir='ltr'><strong>Accipe</strong></span> <span class='ocrx_word' id='word_1_124' title='bbox 663 1932 721 1981; x_wconf 87' lang='lat' dir='ltr'><strong>et</strong></span> <span class='ocrx_word' id='word_1_125' title='bbox 743 1926 896 1995; x_wconf 79' lang='lat' dir='ltr'><strong>haec,</strong></span> <span class='ocrx_word' id='word_1_126' title='bbox 928 1943 1192 1981; x_wconf 84' lang='lat' dir='ltr'><strong>manuum</strong></span> <span class='ocrx_word' id='word_1_127' title='bbox 1217 1927 1322 1983; x_wconf 87' lang='lat' dir='ltr'><strong>tibi</strong></span> <span class='ocrx_word' id='word_1_128' title='bbox 1345 1943 1487 1996; x_wconf 84' lang='lat' dir='ltr'><strong>quae</strong></span> <span class='ocrx_word' id='word_1_129' title='bbox 1516 1933 1875 1981; x_wconf 85' lang='lat' dir='ltr'><strong>monumenta</strong></span> <span class='ocrx_word' id='word_1_130' title='bbox 1898 1943 2147 1982; x_wconf 86' lang='lat' dir='ltr'><strong>mearum</strong></span> 
     </span>
     <span class='ocr_line' id='line_1_21' title="bbox 377 2013 2069 2083; baseline -0.001 -14"><span class='ocrx_word' id='word_1_131' title='bbox 377 2013 515 2082; x_wconf 82' lang='lat' dir='ltr'><strong>Sint,</strong></span> <span class='ocrx_word' id='word_1_132' title='bbox 543 2030 696 2083; x_wconf 82' lang='lat' dir='ltr'><strong>puer,</strong></span> <span class='ocrx_word' id='word_1_133' title='bbox 726 2020 784 2072; x_wconf 87' lang='lat' dir='ltr'><strong>et</strong></span> <span class='ocrx_word' id='word_1_134' title='bbox 807 2014 1029 2082; x_wconf 79' lang='lat' dir='ltr'><strong>longum</strong></span> <span class='ocrx_word' id='word_1_135' title='bbox 1055 2013 1485 2068; x_wconf 76' lang='lat' dir='ltr'><strong>Andromachae</strong></span> <span class='ocrx_word' id='word_1_136' title='bbox 1509 2019 1783 2074; x_wconf 83' lang='lat' dir='ltr'><strong>testentur</strong></span> <span class='ocrx_word' id='word_1_137' title='bbox 1808 2029 2069 2081; x_wconf 86' lang='lat' dir='ltr'><strong>amorem,</strong></span> 
     </span>
     <span class='ocr_line' id='line_1_22' title="bbox 377 2099 1925 2170; baseline -0.001 -15"><span class='ocrx_word' id='word_1_138' title='bbox 377 2101 639 2170; x_wconf 82' lang='lat' dir='ltr'><strong>Coniugis</strong></span> <span class='ocrx_word' id='word_1_139' title='bbox 663 2101 990 2156; x_wconf 84' lang='lat' dir='ltr'><strong>Hectoreae.</strong></span> <span class='ocrx_word' id='word_1_140' title='bbox 1067 2101 1218 2170; x_wconf 83' lang='lat' dir='ltr'><strong>Cape</strong></span> <span class='ocrx_word' id='word_1_141' title='bbox 1241 2102 1389 2158; x_wconf 88' lang='lat' dir='ltr'><strong>dona</strong></span> <span class='ocrx_word' id='word_1_142' title='bbox 1413 2099 1925 2170; x_wconf 68' lang='lat' dir='ltr'><strong>extrema&#39;tnorutn‚</strong></span> 
     </span>
     <span class='ocr_line' id='line_1_23' title="bbox 379 2187 1668 2258; baseline 0.002 -17"><span class='ocrx_word' id='word_1_143' title='bbox 379 2187 426 2241; x_wconf 96' lang='lat' dir='ltr'>O</span> <span class='ocrx_word' id='word_1_144' title='bbox 455 2187 588 2240; x_wconf 88' lang='lat' dir='ltr'><strong>mihi</strong></span> <span class='ocrx_word' id='word_1_145' title='bbox 614 2187 733 2243; x_wconf 83' lang='lat' dir='ltr'><strong>sola</strong></span> <span class='ocrx_word' id='word_1_146' title='bbox 755 2189 866 2242; x_wconf 91' lang='lat' dir='ltr'><strong>mei</strong></span> <span class='ocrx_word' id='word_1_147' title='bbox 891 2202 1054 2258; x_wconf 88' lang='lat' dir='ltr'><strong>super</strong></span> <span class='ocrx_word' id='word_1_148' title='bbox 1079 2189 1440 2256; x_wconf 76' lang='lat' dir='ltr'><strong>Astyanactis</strong></span> <span class='ocrx_word' id='word_1_149' title='bbox 1466 2189 1668 2258; x_wconf 77' lang='lat' dir='ltr'><strong>imago.</strong></span> 
     </span>
     <span class='ocr_line' id='line_1_24' title="bbox 377 2273 2413 2342; baseline -0 -14"><span class='ocrx_word' id='word_1_150' title='bbox 377 2273 468 2328; x_wconf 83' lang='lat' dir='ltr'><strong>Sic</strong></span> <span class='ocrx_word' id='word_1_151' title='bbox 493 2275 696 2342; x_wconf 89' lang='lat' dir='ltr'><strong>oculos,</strong></span> <span class='ocrx_word' id='word_1_152' title='bbox 725 2274 804 2328; x_wconf 90' lang='lat' dir='ltr'><strong>sic</strong></span> <span class='ocrx_word' id='word_1_153' title='bbox 827 2274 920 2328; x_wconf 89' lang='lat' dir='ltr'><strong>ille</strong></span> <span class='ocrx_word' id='word_1_154' title='bbox 944 2290 1154 2342; x_wconf 82' lang='lat' dir='ltr'><strong>manus,</strong></span> <span class='ocrx_word' id='word_1_155' title='bbox 1179 2276 1258 2329; x_wconf 88' lang='lat' dir='ltr'><strong>sic</strong></span> <span class='ocrx_word' id='word_1_156' title='bbox 1283 2291 1385 2330; x_wconf 82' lang='lat' dir='ltr'><strong>ora</strong></span> <span class='ocrx_word' id='word_1_157' title='bbox 1408 2276 1651 2342; x_wconf 67' lang='lat' dir='ltr'><strong>serebatg</strong></span> <span class='ocrx_word' id='word_1_158' title='bbox 2306 2276 2413 2327; x_wconf 75' lang='lat'><strong>490</strong></span> 
     </span>
     <span class='ocr_line' id='line_1_25' title="bbox 377 2353 1663 2431; baseline 0.003 -17"><span class='ocrx_word' id='word_1_159' title='bbox 377 2360 450 2414; x_wconf 92' lang='lat' dir='ltr'><strong>Et</strong></span> <span class='ocrx_word' id='word_1_160' title='bbox 475 2376 622 2418; x_wconf 89' lang='lat' dir='ltr'><strong>nunc</strong></span> <span class='ocrx_word' id='word_1_161' title='bbox 647 2360 857 2431; x_wconf 79' lang='lat' dir='ltr'><strong>aequali</strong></span> <span class='ocrx_word' id='word_1_162' title='bbox 879 2367 1066 2418; x_wconf 90' lang='lat' dir='ltr'><strong>tecum</strong></span> <span class='ocrx_word' id='word_1_163' title='bbox 1091 2363 1416 2431; x_wconf 83' lang='lat' dir='ltr'><strong>pubesceret</strong></span> <span class='ocrx_word' id='word_1_164' title='bbox 1440 2353 1633 2418; x_wconf 66' lang='lat' dir='ltr'><strong>aevo.&#39;&#39;’</strong></span> <span class='ocrx_word' id='word_1_165' title='bbox 1658 2410 1663 2418; x_wconf 94' lang='lat'>.</span> 
     </span>
     <span class='ocr_line' id='line_1_26' title="bbox 379 2447 1751 2517; baseline 0.001 -15"><span class='ocrx_word' id='word_1_166' title='bbox 379 2447 496 2508; x_wconf 78' lang='lat' dir='ltr'><strong>Hos</strong></span> <span class='ocrx_word' id='word_1_167' title='bbox 521 2465 624 2516; x_wconf 81' lang='lat' dir='ltr'><strong>ego</strong></span> <span class='ocrx_word' id='word_1_168' title='bbox 648 2447 958 2517; x_wconf 78' lang='lat' dir='ltr'><strong>digrediens</strong></span> <span class='ocrx_word' id='word_1_169' title='bbox 982 2448 1224 2502; x_wconf 87' lang='lat' dir='ltr'><strong>lacrimis</strong></span> <span class='ocrx_word' id='word_1_170' title='bbox 1247 2449 1481 2506; x_wconf 71' lang='lat' dir='ltr'><strong>adfabar</strong></span> <span class='ocrx_word' id='word_1_171' title='bbox 1507 2450 1751 2505; x_wconf 82' lang='lat' dir='ltr'><strong>obortis:</strong></span> 
     </span>
     <span class='ocr_line' id='line_1_27' title="bbox 381 2533 1709 2606; baseline 0.002 -17"><span class='ocrx_word' id='word_1_172' title='bbox 381 2536 418 2564; x_wconf 79' lang='lat'><strong>‘⁴</strong></span> <span class='ocrx_word' id='word_1_173' title='bbox 439 2533 630 2589; x_wconf 85' lang='lat' dir='ltr'><strong>Vivite</strong></span> <span class='ocrx_word' id='word_1_174' title='bbox 655 2535 861 2604; x_wconf 81' lang='lat' dir='ltr'><strong>felices,</strong></span> <span class='ocrx_word' id='word_1_175' title='bbox 890 2535 1088 2604; x_wconf 89' lang='lat' dir='ltr'><strong>quibus</strong></span> <span class='ocrx_word' id='word_1_176' title='bbox 1113 2541 1198 2590; x_wconf 88' lang='lat' dir='ltr'><strong>est</strong></span> <span class='ocrx_word' id='word_1_177' title='bbox 1227 2535 1457 2590; x_wconf 83' lang='lat' dir='ltr'><strong>fortuna</strong></span> <span class='ocrx_word' id='word_1_178' title='bbox 1479 2543 1709 2606; x_wconf 71' lang='lat' dir='ltr'><strong>peracte</strong></span> 
     </span>
     <span class='ocr_line' id='line_1_28' title="bbox 377 2619 1681 2688; baseline 0.004 -15"><span class='ocrx_word' id='word_1_179' title='bbox 377 2619 494 2674; x_wconf 89' lang='lat' dir='ltr'><strong>Iam</strong></span> <span class='ocrx_word' id='word_1_180' title='bbox 516 2637 643 2688; x_wconf 81' lang='lat' dir='ltr'><strong>sna;</strong></span> <span class='ocrx_word' id='word_1_181' title='bbox 683 2635 785 2674; x_wconf 88' lang='lat' dir='ltr'><strong>nos</strong></span> <span class='ocrx_word' id='word_1_182' title='bbox 809 2621 916 2674; x_wconf 77' lang='lat' dir='ltr'><strong>alis</strong></span> <span class='ocrx_word' id='word_1_183' title='bbox 939 2636 1014 2676; x_wconf 84' lang='lat' dir='ltr'><strong>ex·</strong></span> <span class='ocrx_word' id='word_1_184' title='bbox 1035 2621 1157 2676; x_wconf 78' lang='lat' dir='ltr'><strong>aliis</strong></span> <span class='ocrx_word' id='word_1_185' title='bbox 1179 2621 1238 2674; x_wconf 90' lang='lat' dir='ltr'><strong>in</strong></span> <span class='ocrx_word' id='word_1_186' title='bbox 1261 2622 1377 2676; x_wconf 86' lang='lat' dir='ltr'><strong>fata</strong></span> <span class='ocrx_word' id='word_1_187' title='bbox 1400 2639 1681 2678; x_wconf 81' lang='lat' dir='ltr'><strong>vocamur.</strong></span> 
     </span>
     <span class='ocr_line' id='line_1_29' title="bbox 379 2706 2413 2779; baseline 0 -17"><span class='ocrx_word' id='word_1_188' title='bbox 379 2706 558 2762; x_wconf 87' lang='lat' dir='ltr'><strong>Vobis</strong></span> <span class='ocrx_word' id='word_1_189' title='bbox 581 2713 741 2778; x_wconf 84' lang='lat' dir='ltr'><strong>parta</strong></span> <span class='ocrx_word' id='word_1_190' title='bbox 765 2708 946 2777; x_wconf 77' lang='lat' dir='ltr'><strong>quies3</strong></span> <span class='ocrx_word' id='word_1_191' title='bbox 989 2707 1199 2762; x_wconf 86' lang='lat' dir='ltr'><strong>nullum</strong></span> <span class='ocrx_word' id='word_1_192' title='bbox 1225 2711 1395 2764; x_wconf 84' lang='lat' dir='ltr'><strong>maris</strong></span> <span class='ocrx_word' id='word_1_193' title='bbox 1418 2726 1627 2779; x_wconf 88' lang='lat' dir='ltr'><strong>aequor</strong></span> <span class='ocrx_word' id='word_1_194' title='bbox 1650 2709 1935 2775; x_wconf 81' lang='lat' dir='ltr'><strong>arandum,</strong></span> <span class='ocrx_word' id='word_1_195' title='bbox 2308 2711 2413 2763; x_wconf 78' lang='lat'><strong>495</strong></span> 
     </span>
     <span class='ocr_line' id='line_1_30' title="bbox 377 2795 1743 2866; baseline 0.002 -17"><span class='ocrx_word' id='word_1_196' title='bbox 377 2795 535 2850; x_wconf 84' lang='lat' dir='ltr'><strong>Arva</strong></span> <span class='ocrx_word' id='word_1_197' title='bbox 557 2811 736 2865; x_wconf 90' lang='lat' dir='ltr'><strong>neque</strong></span> <span class='ocrx_word' id='word_1_198' title='bbox 761 2795 1042 2850; x_wconf 86' lang='lat' dir='ltr'><strong>Ausoniae</strong></span> <span class='ocrx_word' id='word_1_199' title='bbox 1067 2812 1288 2866; x_wconf 88' lang='lat' dir='ltr'><strong>semper</strong></span> <span class='ocrx_word' id='word_1_200' title='bbox 1311 2797 1567 2853; x_wconf 86' lang='lat' dir='ltr'><strong>cedentia</strong></span> <span class='ocrx_word' id='word_1_201' title='bbox 1590 2803 1743 2852; x_wconf 86' lang='lat' dir='ltr'><strong>retro</strong></span> 
     </span>
     <span class='ocr_line' id='line_1_31' title="bbox 379 2879 1861 2953; baseline 0 -17"><span class='ocrx_word' id='word_1_202' title='bbox 379 2880 721 2947; x_wconf 76' lang='lat' dir='ltr'><strong>Quaerenda.</strong></span> <span class='ocrx_word' id='word_1_203' title='bbox 741 2898 756 2936; x_wconf 71' lang='lat'><strong>‚¹</strong></span> <span class='ocrx_word' id='word_1_204' title='bbox 783 2879 1034 2951; x_wconf 80' lang='lat' dir='ltr'><strong>Effigiem</strong></span> <span class='ocrx_word' id='word_1_205' title='bbox 1051 2882 1264 2937; x_wconf 90' lang='lat' dir='ltr'><strong>Xanthi</strong></span> <span class='ocrx_word' id='word_1_206' title='bbox 1289 2882 1621 2953; x_wconf 77' lang='lat' dir='ltr'><strong>Troiamque</strong></span> <span class='ocrx_word' id='word_1_207' title='bbox 1646 2883 1861 2950; x_wconf 82' lang='lat' dir='ltr'><strong>videtis,</strong></span> 
     </span>
     <span class='ocr_line' id='line_1_32' title="bbox 379 2949 1785 3040; baseline 0.004 -20"><span class='ocrx_word' id='word_1_208' title='bbox 379 2965 556 3034; x_wconf 83' lang='lat' dir='ltr'><strong>Quam</strong></span> <span class='ocrx_word' id='word_1_209' title='bbox 583 2949 800 3022; x_wconf 72' lang='lat' dir='ltr'><strong>vestrae</strong></span> <span class='ocrx_word' id='word_1_210' title='bbox 823 2967 1000 3024; x_wconf 83' lang='lat' dir='ltr'><strong>fecere</strong></span> <span class='ocrx_word' id='word_1_211' title='bbox 1025 2985 1236 3038; x_wconf 87' lang='lat' dir='ltr'><strong>manus,</strong></span> <span class='ocrx_word' id='word_1_212' title='bbox 1265 2969 1603 3039; x_wconf 89' lang='lat' dir='ltr'><strong>melioribus,</strong></span> <span class='ocrx_word' id='word_1_213' title='bbox 1632 2975 1785 3040; x_wconf 80' lang='lat' dir='ltr'><strong>optn,</strong></span> 
     </span>
     <span class='ocr_line' id='line_1_33' title="bbox 379 3053 1715 3124; baseline 0.004 -17"><span class='ocrx_word' id='word_1_214' title='bbox 379 3053 669 3122; x_wconf 80' lang='lat' dir='ltr'><strong>Auspiciis,</strong></span> <span class='ocrx_word' id='word_1_215' title='bbox 698 3059 756 3108; x_wconf 91' lang='lat' dir='ltr'><strong>et</strong></span> <span class='ocrx_word' id='word_1_216' title='bbox 780 3071 920 3124; x_wconf 86' lang='lat' dir='ltr'><strong>quae</strong></span> <span class='ocrx_word' id='word_1_217' title='bbox 939 3057 1112 3115; x_wconf 76' lang='lat' dir='ltr'><strong>‚fuerit</strong></span> <span class='ocrx_word' id='word_1_218' title='bbox 1137 3059 1316 3110; x_wconf 85' lang='lat' dir='ltr'><strong>minus</strong></span> <span class='ocrx_word' id='word_1_219' title='bbox 1345 3056 1511 3111; x_wconf 86' lang='lat' dir='ltr'><strong>obvia</strong></span> <span class='ocrx_word' id='word_1_220' title='bbox 1536 3055 1715 3113; x_wconf 75' lang='lat' dir='ltr'><strong>Grais.</strong></span> 
     </span>
     <span class='ocr_line' id='line_1_34' title="bbox 377 3139 2415 3212; baseline 0 -17"><span class='ocrx_word' id='word_1_221' title='bbox 377 3139 436 3195; x_wconf 83' lang='lat' dir='ltr'><strong>Si</strong></span> <span class='ocrx_word' id='word_1_222' title='bbox 463 3140 682 3211; x_wconf 87' lang='lat' dir='ltr'><strong>quando</strong></span> <span class='ocrx_word' id='word_1_223' title='bbox 705 3141 974 3209; x_wconf 84' lang='lat' dir='ltr'><strong>Thybrim</strong></span> <span class='ocrx_word' id='word_1_224' title='bbox 997 3143 1284 3212; x_wconf 85' lang='lat' dir='ltr'><strong>vicinaque</strong></span> <span class='ocrx_word' id='word_1_225' title='bbox 1309 3141 1605 3210; x_wconf 87' lang='lat' dir='ltr'><strong>Thybridis</strong></span> <span class='ocrx_word' id='word_1_226' title='bbox 1629 3159 1762 3199; x_wconf 79' lang='lat' dir='ltr'><strong>arva</strong></span> <span class='ocrx_word' id='word_1_227' title='bbox 2310 3144 2415 3197; x_wconf 74' lang='lat'><strong>500</strong></span> 
     </span>
    </p>
   </div>
   <div class='ocr_carea' id='block_1_3' title="bbox 265 3227 1715 3298">
    <p class='ocr_par' dir='ltr' id='par_1_3' title="bbox 265 3227 1715 3298">
     <span class='ocr_line' id='line_1_35' title="bbox 265 3227 1715 3298; baseline 0.004 -22"><span class='ocrx_word' id='word_1_228' title='bbox 265 3269 271 3275; x_wconf 94' lang='lat'>.</span> <span class='ocrx_word' id='word_1_229' title='bbox 379 3227 598 3283; x_wconf 86' lang='lat' dir='ltr'><strong>Intraro</strong></span> <span class='ocrx_word' id='word_1_230' title='bbox 619 3229 880 3298; x_wconf 75' lang='lat' dir='ltr'><strong>gentique</strong></span> <span class='ocrx_word' id='word_1_231' title='bbox 903 3229 1212 3290; x_wconf 75' lang='lat' dir='ltr'><strong>meaetdata</strong></span> <span class='ocrx_word' id='word_1_232' title='bbox 1235 3230 1455 3284; x_wconf 86' lang='lat' dir='ltr'><strong>moenia</strong></span> <span class='ocrx_word' id='word_1_233' title='bbox 1478 3245 1715 3296; x_wconf 88' lang='lat' dir='ltr'><strong>cernam,</strong></span> 
     </span>
    </p>
   </div>
   <div class='ocr_carea' id='block_1_4' title="bbox 377 3313 1810 3558">
    <p class='ocr_par' dir='ltr' id='par_1_4' title="bbox 377 3313 1810 3558">
     <span class='ocr_line' id='line_1_36' title="bbox 378 3313 1741 3387; baseline -0.001 -17"><span class='ocrx_word' id='word_1_234' title='bbox 378 3313 657 3384; x_wconf 74' lang='lat' dir='ltr'><strong>Cognatas</strong></span> <span class='ocrx_word' id='word_1_235' title='bbox 681 3317 844 3370; x_wconf 86' lang='lat' dir='ltr'><strong>urbes</strong></span> <span class='ocrx_word' id='word_1_236' title='bbox 867 3315 996 3369; x_wconf 88' lang='lat' dir='ltr'><strong>olim</strong></span> <span class='ocrx_word' id='word_1_237' title='bbox 1023 3315 1362 3385; x_wconf 83' lang='lat' dir='ltr'><strong>populosque</strong></span> <span class='ocrx_word' id='word_1_238' title='bbox 1388 3317 1741 3387; x_wconf 84' lang='lat' dir='ltr'><strong>propinquos,</strong></span> 
     </span>
     <span class='ocr_line' id='line_1_37' title="bbox 377 3399 1810 3472; baseline -0.001 -17"><span class='ocrx_word' id='word_1_239' title='bbox 377 3399 564 3472; x_wconf 82' lang='lat' dir='ltr'><strong>Epiro,</strong></span> <span class='ocrx_word' id='word_1_240' title='bbox 595 3401 876 3472; x_wconf 87' lang='lat' dir='ltr'><strong>Hesperia,</strong></span> <span class='ocrx_word' id='word_1_241' title='bbox 905 3402 1104 3472; x_wconf 87' lang='lat' dir='ltr'><strong>quibus</strong></span> <span class='ocrx_word' id='word_1_242' title='bbox 1130 3402 1276 3455; x_wconf 88' lang='lat' dir='ltr'><strong>idem</strong></span> <span class='ocrx_word' id='word_1_243' title='bbox 1301 3399 1593 3456; x_wconf 83' lang='lat' dir='ltr'><strong>Dardanus</strong></span> <span class='ocrx_word' id='word_1_244' title='bbox 1616 3407 1810 3456; x_wconf 80' lang='lat' dir='ltr'><strong>auctor</strong></span> 
     </span>
     <span class='ocr_line' id='line_1_38' title="bbox 379 3487 1765 3558; baseline 0.002 -16"><span class='ocrx_word' id='word_1_245' title='bbox 379 3489 564 3558; x_wconf 84' lang='lat' dir='ltr'><strong>Atque</strong></span> <span class='ocrx_word' id='word_1_246' title='bbox 587 3488 734 3544; x_wconf 87' lang='lat' dir='ltr'><strong>idem</strong></span> <span class='ocrx_word' id='word_1_247' title='bbox 761 3503 932 3554; x_wconf 84' lang='lat' dir='ltr'><strong>casus,</strong></span> <span class='ocrx_word' id='word_1_248' title='bbox 962 3503 1128 3546; x_wconf 85' lang='lat' dir='ltr'><strong>unam</strong></span> <span class='ocrx_word' id='word_1_249' title='bbox 1153 3487 1417 3542; x_wconf 82' lang='lat' dir='ltr'><strong>faciemus</strong></span> <span class='ocrx_word' id='word_1_250' title='bbox 1442 3493 1765 3557; x_wconf 76' lang='lat' dir='ltr'><strong>utramque.</strong></span> 
     </span>
    </p>
   </div>
  </div>
 </body>
</html>
