2725 3892
959 212 1234 264 vanem
1279 211 1608 264 nmmos
1652 213 1766 263 vn.

347 375 438 430 Sic
463 373 664 431 deinde
687 375 886 432 effatus
909 371 1198 428 frondenti
1221 377 1475 443 tempora
1496 390 1653 430 ramo
2278 378 2377 430 185

347 460 616 531 Implicat,
646 466 704 516 et
727 461 1075 529 Geniumque
1099 459 1208 514 loci
1233 460 1575 528 primamque
1598 460 1829 516 deorum

347 545 621 600 Tellurem
645 546 1042 618 Nymphasque
1067 551 1124 601 et
1145 545 1326 600 adhuc
1349 546 1540 615 ignota
1562 547 1820 614 precatur

345 633 614 702 Flumina,
643 639 764 687 tum
791 632 1031 688 Noctem
1055 631 1362 702 Noctisque
1386 631 1623 688 orientia
1646 631 1816 702 Signa

345 719 678 790 Idaeumque
704 719 898 774 Iovem
922 717 1330 788 Phrygiamque
1351 734 1423 772 ex
1448 717 1645 772 ordine
1666 718 1901 775 Man-em

345 807 589 876 Invocat,
618 811 675 861 et
697 805 934 877 duplicia
957 805 1234 874 Caeloque
1257 805 1550 875 Ereboque
1574 813 1847 876 parentes.
2274 812 2374 863 140

345 894 450 948 Hic
473 899 632 964 pater
657 895 1010 964 omnipotens
1037 899 1121 947 ter
1145 892 1298 947 caelo
1323 891 1504 947 clarus
1527 893 1600 948 ab
1624 893 1736 948 alto

344 981 610 1050 Intonuit,
631 981 913 1050 radiisque
936 980 1222 1034 ardentem
1241 978 1382 1034 lucis
1408 983 1465 1034 et
1490 996 1625 1034 auro
1648 1011 1656 1016 -

344 1069 470 1138 Ipse
492 1085 660 1124 manu
687 1068 938 1139 quatiens
961 1067 1206 1123 ostendit
1229 1067 1302 1120 ab
1325 1067 1553 1122 aethere
1572 1069 1795 1124 nubem.

343 1155 568 1210 Diditur
591 1154 684 1210 hie
709 1155 893 1210 subito
916 1155 1155 1210 Troiana
1179 1171 1280 1225 per
1305 1156 1523 1223 agmina
1548 1173 1752 1223 rumor,

343 1244 650 1299 Advenisse
674 1243 838 1312 diem,
867 1258 977 1312 quo
1001 1241 1190 1298 debita
1213 1244 1437 1298 moenia
1460 1243 1717 1304 condant.
2274 1246 2373 1299 145

345 1331 610 1386 Certatim
633 1331 948 1386 instaurant
972 1331 1176 1402 epulae,
1205 1335 1373 1400 atque
1396 1331 1581 1386 omine
1603 1347 1806 1401 magno

343 1417 601 1490 Crateras
621 1417 754 1473 laeti
777 1423 1030 1471 statuunt
1051 1423 1110 1472 et
1135 1418 1264 1472 vina
1287 1423 1576 1474 coronant.

413 1504 644 1559 Postera
667 1519 790 1557 cum
815 1504 995 1573 prima
1016 1502 1290 1558 lustrabat
1311 1504 1566 1574 lampade
1588 1509 1767 1560 terras

345 1591 484 1646 Orta
505 1591 636 1660 dies,
667 1591 860 1646 urbem
883 1594 942 1646 et
965 1590 1094 1645 finis
1117 1597 1176 1646 et
1198 1592 1366 1646 litora
1390 1593 1571 1660 gentis

343 1677 563 1732 Diversi
587 1677 904 1746 explorant:
945 1677 1084 1732 haec
1107 1678 1280 1732 fontis
1311 1683 1509 1747 stagna
1532 1677 1773 1748 Numici,
2274 1679 2372 1732 150

345 1765 506 1818 Hunc
528 1764 792 1832 Thybrim
817 1763 1064 1832 fluvium,
1091 1765 1184 1818 hic
1207 1765 1369 1818 fortis
1394 1764 1648 1819 habitare
1670 1765 1911 1820 Latinos.

343 1851 480 1905 Tum
505 1855 658 1904 satus
682 1849 929 1906 Anchisa
952 1850 1194 1905 delectos
1221 1851 1415 1906 ordine
1442 1852 1511 1906 ab
1538 1853 1689 1906 omni

344 1937 580 1992 Centum
603 1943 853 1992 oratores
877 1942 1108 2006 augusta
1131 1938 1202 1992 ad
1227 1939 1449 1993 moenia
1470 1939 1617 2007 regia

291 2024 432 2135 >Ire
455 2024 621 2093 iubet,
649 2025 818 2079 ramis
844 2025 1056 2080 velatos
1081 2025 1320 2080 Palladia
1343 2027 1541 2094 omnis,

279 2141 290 2154 ι
323 2110 610 2193 »penuque
632 2110 778 2165 ferre
801 2111 938 2181 vire,
965 2127 1268 2182 pacemque
1293 2129 1591 2182 exposcere
1615 2113 1854 2169 Teucris.
2274 2115 2371 2167 155

292 2214 313 2238 r
345 2198 505 2253 Haud
527 2215 700 2268 mora,
730 2200 999 2256 festinant
1023 2200 1156 2254 iussi
1179 2201 1497 2270 rapidisque
1521 2201 1774 2256 feruntur

263 2307 273 2314 ·
341 2284 615 2341 Passibus.
689 2285 815 2358 Ipse
838 2287 1034 2340 humili
1057 2286 1308 2356 designat
1329 2279 1551 2342 moenia
1574 2287 1738 2354 fossa,

339 2371 676 2445 Moliturque
697 2373 896 2444 locum,
925 2374 1239 2443 primasque
1262 2373 1320 2426 iu
1345 2373 1511 2428 litore
1536 2373 1693 2428 aedes

339 2457 660 2515 Castrorum
685 2461 744 2514 in
768 2477 982 2516 morem
1007 2460 1194 2531 pinnis
1221 2464 1389 2529 atque
1414 2473 1611 2527 aggere
1634 2459 1821 2527 cingit.

339 2543 566 2618 Iamque
588 2549 698 2637 ite(
720 2545 932 2604 emensi
957 2546 1127 2602 turris
1151 2561 1216 2601 ac
1239 2550 1391 2602 tecta
1413 2545 1735 2602 Latinorum
2267 2549 2369 2602 160

339 2633 534 2690 Ardua
556 2636 857 2690 cernebant
881 2635 1122 2700 iuvenes,
1151 2649 1424 2702 muroque
1450 2632 1731 2686 nubibanto

339 2719 494 2777 Ante
517 2722 710 2776 urbem
734 2721 894 2790 pueri
918 2725 976 2775 et
998 2719 1280 2788 primaevo
1303 2719 1445 2774 flore
1468 2717 1724 2774 iuventus

336 2807 683 2863 Exercentur
705 2808 872 2878 equis,
899 2807 1284 2876 domitantque
1309 2807 1366 2861 in
1396 2796 1623 2877 pulvere
1646 2821 1853 2860 currus·

337 2895 456 2949 Aut
479 2894 620 2949 acria
642 2893 880 2948 tendunt
903 2910 1076 2964 arcus,
1116 2898 1212 2948 aut
1235 2893 1387 2948 lenta
1408 2893 1631 2950 lacertis

337 2980 560 3050 Spicula
582 2985 968 3052 contorquent,
997 2995 1268 3050 cursuque
1292 2982 1519 3050 ictuque
1542 2980 1847 3036 lacessunt:
1913 3045 1925 3056 .
2264 2985 2365 3038 165

337 3066 479 3120 Cum
503 3071 831 3136 praevectus
855 3083 996 3136 equo
1021 3066 1274 3135 longaevi
1299 3065 1541 3136 regis⁰ad
1567 3067 1715 3120 auria

335 3151 580 3208 Nuntius
603 3153 842 3222 ingentis
865 3154 1058 3222 ignota
1081 3154 1142 3207 in
1163 3159 1318 3208 veste
1343 3158 1593 3223 reportat

335 3241 644 3296 Advenisse
667 3241 832 3296 viros.
903 3239 1007 3296 Ille
1031 3240 1179 3296 intra
1201 3245 1352 3296 tecta
1376 3241 1569 3296 vocari

335 3327 598 3398 Imperat,
625 3333 683 3382 et
707 3327 846 3382 solio
868 3326 1084 3382 medius
1107 3327 1358 3382 coneedit
1382 3325 1551 3382 avito.

336 3413 562 3468 Tectum
591 3419 900 3483 augustum,
926 3415 1136 3483 ingena,
1161 3418 1384 3469 centum
1410 3413 1644 3470 sublime
1668 3412 1957 3480 columnia,
2267 3413 2365 3470 170

337 3497 488 3552 Urbe
511 3500 620 3553 fuit
645 3517 872 3570 summa,
898 3499 1188 3554 Laurentia
1211 3502 1366 3569 regia
1382 3500 1516 3568 Pici,
