2725 3892
974 208 1250 261 VERGILI
1295 208 1557 259 ECLOGA
1598 208 1741 259 VIII.

345 372 506 426 Alter
529 372 600 427 ab
625 372 920 427 undecimo
942 376 1062 425 tum
1088 388 1176 425 me
1198 371 1310 425 iam
1336 374 1627 439 acceperat
1651 386 1859 437 annus;

345 458 462 513 Iam
489 459 700 528 fragilis
724 465 971 528 poteram
999 458 1068 512 ab
1093 462 1244 512 terra
1267 458 1589 526 contingere
1614 474 1813 511 ramos.

347 544 424 600 Ut
451 546 578 613 vidi,
605 549 670 599 ut
693 546 863 615 perii!
905 550 968 599 ut
991 560 1079 598 me
1105 544 1282 598 malus
1307 544 1533 599 abstulit
1558 545 1739 597 error!

417 632 606 701 Incipe
631 631 936 695 Maenalios
957 647 1188 701 mecum,
1215 648 1344 686 mea
1363 632 1518 699 tibia,
1545 646 1754 684 versus.

347 720 512 773 Nunc
535 719 666 787 scic,
696 718 828 788 quid
853 718 926 771 sit
949 716 1130 772 Amor
1150 736 1164 783 ς
1206 717 1360 771 duris
1382 718 1444 771 in
1469 718 1688 772 cotibus
1710 716 1865 769 illum

349 806 466 859 Aut
487 805 728 873 Tmaros,
758 810 854 858 aut
879 802 1168 872 Rhodope,
1199 810 1296 857 aut
1322 803 1557 857 extremi
1584 803 1965 869 Garamantes,

346 890 468 945 Nec
491 891 708 960 generis
731 889 910 943 nostri
933 904 1168 958 puerum
1192 905 1298 943 nec
1321 889 1603 957 sanguinis
1628 887 1815 943 edunt.

417 976 606 1046 Incipe
625 976 925 1031 Maenalios
947 991 1182 1044 mecum,
1213 990 1338 1029 mea
1359 975 1513 1041 tibia,
1544 990 1747 1029 versus.

345 1064 556 1119 Saevus
580 1064 758 1117 Amor
779 1063 970 1117 docuit
993 1070 1250 1117 natorum
1275 1062 1543 1131 sanguine
1568 1068 1800 1117 matrem

345 1148 760 1205 Oommaculare
778 1165 1007 1216 manus3
1047 1148 1287 1203 crudelis
1311 1153 1373 1201 tu
1401 1164 1633 1217 quoque,
1662 1154 1869 1215 mater3

345 1235 598 1290 Crudelis
619 1241 799 1290 mater
824 1235 1010 1303 magis,
1039 1251 1108 1289 an
1133 1250 1269 1304 puer
1293 1234 1581 1303 improbus
1604 1234 1728 1288 ille?

344 1321 638 1392 Improbus
659 1321 754 1377 ille
777 1338 944 1392 pucr;
983 1321 1222 1377 crudelis
1245 1327 1308 1375 tu
1331 1338 1568 1391 quoque,
1594 1328 1791 1376 mater.

417 1408 608 1478 Incipe
629 1408 936 1463 Maenalios
959 1424 1190 1477 mecum,
1217 1424 1344 1462 mea
1365 1407 1521 1477 tibia,
1549 1422 1757 1462 versus.

345 1494 512 1551 Nunc
535 1500 593 1550 et
616 1495 738 1549 ovis
761 1495 911 1549 ultro
933 1494 1112 1563 fugiat
1134 1494 1310 1564 lupus,
1341 1510 1509 1549 aurea
1530 1493 1703 1549 durae

347 1582 494 1637 Mala
516 1582 696 1637 ferant
720 1596 970 1651 quercus,
997 1580 1238 1635 narcisso
1261 1580 1459 1635 floreat
1476 1580 1651 1649 alnus,

345 1668 580 1737 Pinguia
603 1669 902 1723 corticibus
926 1667 1126 1721 sudent
1147 1667 1351 1721 electra
1375 1669 1633 1735 myricae,

345 1754 580 1809 Oertent
603 1760 660 1809 et
683 1756 874 1823 cycnis
899 1754 1096 1821 ululae,
1125 1754 1196 1808 sit
1221 1753 1446 1821 Tityrus
1470 1754 1740 1823 Orpheus,

346 1841 604 1911 Orpheus
629 1842 688 1895 in
713 1841 880 1908 silvis,
908 1840 1056 1895 inter
1081 1840 1369 1910 delphinas
1393 1840 1589 1896 Arion.

419 1927 606 1998 Incipe
631 1927 931 1982 Maenalios
954 1944 1188 1995 mecum,
1215 1944 1339 1982 mea
1361 1928 1515 1993 tibia,
1545 1944 1753 1983 versus.

347 2015 552 2069 Omnia
575 2014 663 2069 vel
688 2014 928 2069 medium
953 2012 1094 2069 fiant
1115 2030 1284 2069 mare.
1359 2013 1570 2083 vivite,
1598 2015 1798 2070 silvae:

345 2102 624 2169 Praeceps
645 2101 780 2155 aerii
805 2101 1030 2171 specula
1051 2100 1122 2155 de
1143 2101 1348 2155 montis
1370 2101 1433 2154 in
1455 2101 1631 2155 undas

345 2188 616 2255 Dotem-3
657 2192 965 2242 extremum
989 2187 1098 2242 hoc
1123 2203 1326 2241 munus
1349 2186 1635 2242 morientis
1660 2187 1882 2244 habeto.

344 2274 553 2329 Desine
577 2273 894 2343 Maenalios,
923 2276 1035 2330 iam
1059 2274 1266 2343 desine,
1289 2274 1443 2343 tibia,
1473 2275 1717 2329 versus.”

417 2362 572 2417 Haec
597 2361 844 2416 Damon:
886 2378 1002 2431 voa,
1030 2378 1169 2433 quae
1193 2361 1540 2431 responderit
1568 2360 1989 2433 Alphesiboeus,

345 2448 546 2517 Dicite,
573 2447 854 2515 Pierides;
895 2464 1009 2504 non
1031 2450 1220 2503 omnia
1241 2464 1531 2519 possumus
1554 2464 1764 2504 omnes.

417 2536 600 2590 Aua.
643 2536 677 2566 “
695 2534 851 2589 Effer
874 2550 1090 2605 aquam,
1117 2539 1176 2589 et
1197 2535 1352 2591 molli
1376 2536 1536 2605 cinge
1558 2534 1697 2591 haec
1720 2534 1917 2591 altaria
1938 2534 2097 2605 vitta,

346 2621 746 2691 verbenasque
771 2620 931 2677 adole
954 2622 1174 2691 pinguis
1195 2626 1252 2677 et
1277 2621 1521 2677 mascula
1538 2626 1692 2677 tura:

347 2708 614 2776 Coniugis
637 2713 700 2762 ut
723 2707 952 2777 mag-icis
975 2723 1138 2762 sanos
1155 2716 1411 2763 avertere
1436 2709 1605 2763 sacris

345 2795 616 2865 Experiar
639 2810 864 2862 sensus3
903 2794 1042 2849 nihil
1066 2794 1160 2849 hio
1182 2795 1292 2849 nisi
1327 2796 1577 2851 carmina
1598 2795 1815 2851 desunt.

417 2881 622 2935 Ducite
645 2882 716 2935 ab
739 2880 876 2935 urbe
902 2880 1141 2949 domum,
1167 2898 1294 2936 mea
1315 2881 1578 2949 carmina,
1606 2882 1793 2937 ducite
1816 2880 2117 2951 Daphnim.

335 2967 612 3023 -Oarmina
637 2966 725 3022 vel
749 2967 904 3023 caelo
929 2972 1158 3034 possunt
1181 2966 1455 3022 deducere
1480 2966 1721 3035 Lunam3

346 3052 702 3109 Carminibus
725 3052 888 3107 Circe
912 3052 1090 3107 socios
1111 3053 1352 3109 mutavit
1377 3052 1556 3121 Ulixi3

345 3140 606 3209 Frigidus
627 3141 686 3195 in
709 3140 888 3211 pratis
911 3139 1186 3194 cantando
1209 3140 1489 3210 rumpitur
1512 3141 1721 3209 anguis.

417 3224 624 3282 Ducite
648 3228 720 3281 ab
745 3226 884 3281 urbe
907 3224 1150 3295 domum,
1177 3242 1302 3280 mea
1326 3226 1585 3293 carmina,
1612 3225 1799 3280 ducite
1824 3222 2122 3294 Daphnim.

343 3312 532 3369 Tei-na
553 3314 658 3367 tibi
679 3314 818 3368 haec
843 3311 1086 3382 primum
1109 3311 1314 3381 triplici
1337 3312 1562 3366 diversa
1585 3312 1772 3366 colore

341 3398 500 3455 Licia
520 3399 822 3467 circumdo,
851 3404 1046 3467 terque
1071 3398 1208 3453 haec
1232 3397 1428 3453 altaria
1450 3398 1659 3452 circum

341 3486 600 3556 Effigiem
626 3486 801 3553 duco3
839 3500 1074 3539 numero
1097 3484 1232 3539 deus
1253 3486 1465 3555 impare
1488 3482 1704 3553 gaudet.

2308 372 2377 422 40

2310 1668 2381 1721 65

2314 2106 2383 2157 60

2317 3380 2387 3437 '15
