2725 3892
969 228 1248 282 vanem
1289 219 1623 283 ammos
1665 230 1781 283 ΧΠ.

360 391 675 463 Saetigerae
697 392 876 447 fetum
903 391 1014 447 suis
1037 392 1423 464 intonsamque
1448 393 1729 449 bidentem
1760 391 1866 449 Q
1879 440 1894 445 -
2294 394 2399 449 170

360 480 586 547 Attulit,
615 480 972 549 admovitque
996 496 1162 550 pecus
1187 468 1547 549 flagrantibus
1575 482 1699 535 aris.

359 566 448 621 Illi
474 566 544 621 ad
567 571 878 637 surgentem
906 566 1158 621 conversi
1180 566 1391 622 lumina
1416 568 1587 637 solem

359 650 511 708 Dant
533 653 716 722 fruges
740 653 992 708 manibus
1017 652 1200 723 salsas,
1230 660 1288 707 et
1310 659 1562 724 tempora
1586 654 1739 708 ferro

360 739 588 794 Summa
610 744 810 795 notant
833 740 1122 810 pecudum,
1151 742 1467 813 paterisque
1494 740 1687 794 altaria
1710 740 1901 795 libant.

359 826 496 879 Tum
523 826 648 896 pius
672 818 892 881 Aeneas
918 828 1114 881 stricto
1137 826 1214 881 sic
1240 842 1371 881 ense
1397 832 1686 896 precatur:
2188 882 2201 897 Ι
2292 814 2393 883 175

362 916 396 943 “
412 912 550 967 Esto
573 928 722 967 nunc
747 913 840 969 Sol
863 914 1027 967 testis
1053 919 1111 968 et
1133 912 1270 967 haec
1293 913 1430 967 mihi
1455 912 1624 967 Terra
1648 914 1885 981 vocanti,
1992 914 2001 923 ⁶

360 998 536 1065 Quam
564 1006 794 1069 propter
818 1004 1004 1055 tantos
1028 1000 1186 1069 potui
1211 1000 1457 1069 perferre
1482 1000 1717 1068 laboreS,

355 1086 432 1140 Et
455 1086 621 1140 Pater
648 1086 1013 1156 omnipotenS,
1043 1091 1100 1141 et
1126 1088 1188 1139 tu
1213 1086 1477 1140 Saturnia
1500 1086 1833 1153 coniunx,—

357 1172 476 1227 Iam
503 1172 712 1241 melior,
742 1173 868 1242 iam,
898 1173 1041 1237 diva,
1067 1176 1509 1242 precor—tuque
1534 1173 1743 1227 inclute
1766 1172 2004 1242 Mavors,

355 1260 574 1315 Cuncta
597 1264 696 1314 tuo
720 1262 812 1329 qui
837 1260 997 1329 bella,
1025 1266 1199 1330 pater,
1229 1260 1332 1314 sub
1357 1259 1584 1313 numine
1608 1266 1864 1329 torques;
2288 1264 2392 1315 180

355 1347 656 1417 Fontisque
682 1346 1012 1416 Fluviosque
1037 1363 1193 1415 voco,
1223 1363 1473 1419 quaeque
1496 1346 1737 1402 aetheris
1762 1347 1857 1401 alti

354 1434 587 1503 Religio,
619 1441 676 1488 et
700 1448 838 1504 quae
863 1433 1116 1487 caeruleo
1141 1440 1268 1487 sunt
1291 1436 1523 1488 numina
1546 1440 1753 1504 ponto:

355 1520 595 1576 cesserit
621 1520 872 1575 Ausonio
897 1521 940 1575 si
966 1522 1084 1589 fors
1107 1522 1343 1575 victoria
1368 1512 1572 1589 Turn0‚

353 1608 630 1663 Convenit
654 1608 896 1663 Euandri
921 1608 1100 1683 victos
1123 1608 1406 1675 discedere
1431 1609 1501 1662 ad
1524 1610 1717 1663 nrbem
1739 1628 1754 1680 3

353 1694 532 1749 Cedet
555 1694 708 1749 Iulus
732 1696 892 1765 agris,
921 1713 1024 1750 nec
1048 1700 1176 1765 post
1199 1712 1354 1750 arma
1377 1696 1487 1750 ulla
1510 1696 1745 1751 rebelles
2289 1699 2387 1751 185

351 1782 650 1838 Aeneadae
674 1780 930 1853 referent,
957 1784 1176 1839 ferrove
1201 1785 1340 1839 haee
1365 1800 1535 1853 reg-na
1556 1784 1841 1838 lacessent.

351 1868 450 1923 Sin
475 1876 724 1926 nostrum
750 1872 1006 1927 adnuerit
1033 1872 1190 1926 nobis
1217 1872 1474 1926 Victoria
1498 1870 1803 1925 Martem—-

353 1956 432 2011 Ut
454 1959 638 2027 potius
661 1976 800 2029 reor,
833 1966 890 2014 et
912 1960 1096 2029 potins
1120 1959 1174 2011 di
1199 1958 1426 2011 nurnine
1448 1958 1745 2010 firment-

351 2044 484 2099 Non
509 2062 612 2115 ego
637 2062 740 2100 nec
765 2045 990 2101 Teucris
1015 2044 1188 2098 Italos
1211 2059 1407 2113 parere
1430 2044 1649 2110 iubeb0‚

349 2130 470 2185 Nec
496 2132 633 2185 mihi
659 2148 831 2200 regna
854 2135 1021 2200 pet03
1062 2130 1286 2199 paribus
1311 2146 1371 2183 se
1394 2129 1606 2197 legibus
1630 2128 1825 2184 ambae
2286 2132 2387 2185 190

349 2216 602 2271 Invictae
627 2222 822 2285 gentes
845 2228 1072 2271 aeterna
1093 2217 1152 2269 in
1175 2216 1405 2270 foedera
1428 2215 1671 2269 mittant.

348 2304 524 2360 Sacra
547 2304 786 2373 deosque
811 2304 954 2359 dabo
972 2290 1016 2370 ςΙ
1025 2320 1184 2361 socer
1208 2320 1362 2359 arma
1384 2302 1614 2357 Latinus
1636 2303 1857 2371 habeto,
1872 2298 1990 2343 4.-

347 2384 652 2460 Imperium
679 2391 942 2445 sollemne
965 2386 1163 2468 socer}
1194 2390 1332 2445 mihi
1359 2390 1583 2446 moenia
1606 2390 1801 2445 Teucri

349 2478 719 2549 Constituent,
747 2478 978 2549 urbique
1003 2478 1154 2534 dabit
1179 2478 1409 2533 Lavinia
1431 2478 1693 2532 nomen.”

349 2565 442 2620 Sic
466 2566 620 2635 prior
645 2566 898 2635 Aeneas3
939 2566 1186 2636 sequitur
1209 2566 1288 2621 sic
1311 2565 1513 2620 deinde
1538 2564 1780 2633 Latinus,
2282 2570 2383 2622 195

349 2650 662 2721 Suspiciens
685 2652 914 2723 caelum,
941 2652 1233 2723 tenditque
1258 2652 1327 2707 ad
1353 2653 1535 2706 sidera
1556 2652 1844 2707 dextram:

353 2740 387 2766 “
403 2736 555 2793 Haec
580 2739 786 2807 eadem,
815 2738 1024 2807 Aenea,
1056 2738 1296 2805 Terram,
1325 2738 1497 2808 Mare,
1528 2738 1737 2807 Sidera,
1763 2739 1905 2807 iuro,

347 2822 699 2895 Latonaeque
723 2841 895 2894 genus
919 2825 1138 2895 duplex,
1166 2824 1473 2894 Ianumque
1496 2825 1816 2892 bifrontem,

353 2910 590 2981 Vimque
613 2912 779 2966 deum
802 2912 1080 2967 infernam
1105 2916 1162 2965 et
1187 2912 1312 2965 duri
1337 2912 1577 2966 sacraria
1599 2912 1773 2979 Ditis3

349 2997 558 3051 Audiat
580 2998 720 3053 haec
745 2998 993 3068 Genitor,
1023 2999 1116 3068 qui
1145 2998 1370 3053 foedera
1392 2999 1625 3053 fulmine
1652 3000 1853 3065 sancit,
2276 3004 2381 3055 200

348 3082 536 3152 Tango
561 3100 700 3153 aras,
728 3084 938 3138 medios
962 3085 1108 3153 ignis
1131 3090 1189 3139 et
1211 3086 1444 3140 numina
1468 3090 1679 3140 testor:

347 3168 515 3225 Nulla
538 3170 656 3225 dies
678 3186 870 3240 pacem
891 3170 1037 3225 hanc
1059 3171 1216 3226 Italis
1237 3160 1350 3227 nee'
1363 3174 1592 3228 foedera
1614 3178 1851 3242 rumpet,

349 3254 472 3321 Quo
497 3274 588 3311 res
611 3273 844 3327 cumque
869 3258 1102 3325 cadent3
1143 3274 1246 3313 nec
1267 3276 1360 3313 me
1384 3260 1471 3313 vis
1496 3260 1607 3313 ulla
1630 3260 1907 3314 volentem

346 3344 600 3412 Avertet,
629 3359 758 3411 non,
789 3343 834 3397 si
860 3344 1114 3397 tellurem
1142 3344 1393 3399 effundat
1418 3346 1477 3398 in
1504 3345 1695 3411 undas,

347 3428 574 3485 Diluvio
597 3430 850 3497 miscens,
880 3429 1198 3499 caelumque
1222 3432 1284 3484 in
1307 3430 1539 3485 Tartara
1561 3430 1742 3485 solvat
1762 3448 1775 3495 ;
2273 3432 2379 3485 205

316 3498 402 3569 >U
401 3520 426 3569 t
449 3520 728 3585 sceptrum
753 3514 1132 3571 hoc—dextra
1153 3520 1431 3586 sceptrum
1458 3532 1585 3569 nam
1612 3516 1757 3569 forte
1781 3516 2077 3583 gerebat—
