<?xml version="1.0" encoding="UTF-8"?>
<!DOCTYPE html PUBLIC "-//W3C//DTD XHTML 1.0 Transitional//EN"
    "http://www.w3.org/TR/xhtml1/DTD/xhtml1-transitional.dtd">
<html xmlns="http://www.w3.org/1999/xhtml" xml:lang="en" lang="en">
 <head>
  <title>
</title>
<meta http-equiv="Content-Type" content="text/html;charset=utf-8" />
  <meta name='ocr-system' content='tesseract 3.04.00' />
  <meta name='ocr-capabilities' content='ocr_page ocr_carea ocr_par ocr_line ocrx_word'/>
</head>
<body>
  <div class='ocr_page' id='page_1' title='image "arevisedtextpoe01virggoog_0278.png"; bbox 0 0 2725 3892; ppageno 0'>
   <div class='ocr_carea' id='block_1_1' title="bbox 343 557 356 584">
    <p class='ocr_par' dir='ltr' id='par_1_1' title="bbox 343 557 356 584">
     <span class='ocr_line' id='line_1_1' title="bbox 343 557 350 566; baseline 0 0"><span class='ocrx_word' id='word_1_1' title='bbox 343 557 350 566; x_wconf 68' lang='grc' dir='ltr'>ι</span> 
     </span>
     <span class='ocr_line' id='line_1_2' title="bbox 351 576 356 584; baseline 0 0"><span class='ocrx_word' id='word_1_2' title='bbox 351 576 356 584; x_wconf 78' lang='grc' dir='ltr'>ι</span> 
     </span>
    </p>
   </div>
   <div class='ocr_carea' id='block_1_2' title="bbox 975 181 1819 234">
    <p class='ocr_par' dir='ltr' id='par_1_2' title="bbox 975 181 1819 234">
     <span class='ocr_line' id='line_1_3' title="bbox 975 181 1819 234; baseline 0.005 -4"><span class='ocrx_word' id='word_1_3' title='bbox 975 181 1064 230; x_wconf 81' lang='lat' dir='ltr'><strong>VE</strong></span> <span class='ocrx_word' id='word_1_4' title='bbox 1071 181 1252 231; x_wconf 82' lang='lat' dir='ltr'>RGILI</span> <span class='ocrx_word' id='word_1_5' title='bbox 1299 183 1631 234; x_wconf 79' lang='lat' dir='ltr'><strong>AENEIDOS</strong></span> <span class='ocrx_word' id='word_1_6' title='bbox 1678 185 1819 234; x_wconf 84' lang='lat' dir='ltr'>VIII.</span> 
     </span>
    </p>
   </div>
   <div class='ocr_carea' id='block_1_3' title="bbox 369 339 1828 586">
    <p class='ocr_par' dir='ltr' id='par_1_3' title="bbox 369 339 1828 586">
     <span class='ocr_line' id='line_1_4' title="bbox 371 339 1828 427; baseline 0.003 -33"><span class='ocrx_word' id='word_1_7' title='bbox 371 339 500 394; x_wconf 89' lang='lat' dir='ltr'><strong>Sole</strong></span> <span class='ocrx_word' id='word_1_8' title='bbox 527 357 920 410; x_wconf 86' lang='lat' dir='ltr'><strong>repercussum,</strong></span> <span class='ocrx_word' id='word_1_9' title='bbox 948 348 1045 396; x_wconf 89' lang='lat' dir='ltr'><strong>aut</strong></span> <span class='ocrx_word' id='word_1_10' title='bbox 1069 343 1334 427; x_wconf 80' lang='lat' dir='ltr'><strong>radiantis</strong></span> <span class='ocrx_word' id='word_1_11' title='bbox 1359 343 1599 411; x_wconf 79' lang='lat' dir='ltr'><strong>imagine</strong></span> <span class='ocrx_word' id='word_1_12' title='bbox 1625 343 1828 412; x_wconf 89' lang='lat' dir='ltr'><strong>Lunae,</strong></span> 
     </span>
     <span class='ocr_line' id='line_1_5' title="bbox 373 427 1750 498; baseline 0.003 -18"><span class='ocrx_word' id='word_1_13' title='bbox 373 427 576 482; x_wconf 89' lang='lat' dir='ltr'><strong>Omnia</strong></span> <span class='ocrx_word' id='word_1_14' title='bbox 597 429 895 496; x_wconf 76' lang='lat' dir='ltr'><strong>pervolitat</strong></span> <span class='ocrx_word' id='word_1_15' title='bbox 919 429 1029 483; x_wconf 82' lang='lat' dir='ltr'><strong>late</strong></span> <span class='ocrx_word' id='word_1_16' title='bbox 1053 428 1188 497; x_wconf 79' lang='lat' dir='ltr'><strong>loca,</strong></span> <span class='ocrx_word' id='word_1_17' title='bbox 1214 430 1435 498; x_wconf 88' lang='lat' dir='ltr'><strong>iamque</strong></span> <span class='ocrx_word' id='word_1_18' title='bbox 1460 430 1561 484; x_wconf 88' lang='lat' dir='ltr'><strong>sub</strong></span> <span class='ocrx_word' id='word_1_19' title='bbox 1587 446 1750 484; x_wconf 87' lang='lat' dir='ltr'><strong>auras</strong></span> 
     </span>
     <span class='ocr_line' id='line_1_6' title="bbox 369 511 1588 586; baseline 0.004 -21"><span class='ocrx_word' id='word_1_20' title='bbox 369 511 619 582; x_wconf 63' lang='lat' dir='ltr'><strong>Erigitur</strong></span> <span class='ocrx_word' id='word_1_21' title='bbox 641 516 948 584; x_wconf 84' lang='lat' dir='ltr'><strong>summique</strong></span> <span class='ocrx_word' id='word_1_22' title='bbox 971 515 1106 568; x_wconf 76' lang='lat' dir='ltr'><strong>ferit</strong></span> <span class='ocrx_word' id='word_1_23' title='bbox 1131 515 1413 586; x_wconf 78' lang='lat' dir='ltr'><strong>laquearia</strong></span> <span class='ocrx_word' id='word_1_24' title='bbox 1436 515 1588 570; x_wconf 86' lang='lat' dir='ltr'><strong>tecti.</strong></span> 
     </span>
    </p>
   </div>
   <div class='ocr_carea' id='block_1_4' title="bbox 355 578 409 604">
    <p class='ocr_par' dir='ltr' id='par_1_4' title="bbox 355 578 409 604">
     <span class='ocr_line' id='line_1_7' title="bbox 355 578 409 604; baseline 0 -16"><span class='ocrx_word' id='word_1_25' title='bbox 355 578 409 604; x_wconf 44' lang='lat'><strong>⁸...</strong></span> 
     </span>
    </p>
   </div>
   <div class='ocr_carea' id='block_1_5' title="bbox 367 597 1871 1188">
    <p class='ocr_par' dir='ltr' id='par_1_5' title="bbox 367 597 1871 1188">
     <span class='ocr_line' id='line_1_8' title="bbox 370 597 1735 670; baseline 0.003 -18"><span class='ocrx_word' id='word_1_26' title='bbox 370 597 502 653; x_wconf 84' lang='lat' dir='ltr'><strong>Nox</strong></span> <span class='ocrx_word' id='word_1_27' title='bbox 527 605 660 669; x_wconf 86' lang='lat' dir='ltr'><strong>erat,</strong></span> <span class='ocrx_word' id='word_1_28' title='bbox 690 606 747 655; x_wconf 85' lang='lat' dir='ltr'><strong>et</strong></span> <span class='ocrx_word' id='word_1_29' title='bbox 771 609 946 656; x_wconf 83' lang='lat' dir='ltr'><strong>terras</strong></span> <span class='ocrx_word' id='word_1_30' title='bbox 971 601 1230 656; x_wconf 86' lang='lat' dir='ltr'><strong>animalia</strong></span> <span class='ocrx_word' id='word_1_31' title='bbox 1255 600 1400 655; x_wconf 84' lang='lat' dir='ltr'><strong>fessa</strong></span> <span class='ocrx_word' id='word_1_32' title='bbox 1422 618 1522 670; x_wconf 87' lang='lat' dir='ltr'><strong>per</strong></span> <span class='ocrx_word' id='word_1_33' title='bbox 1556 603 1735 656; x_wconf 88' lang='lat' dir='ltr'><strong>omnis</strong></span> 
     </span>
     <span class='ocr_line' id='line_1_9' title="bbox 370 684 1871 756; baseline 0.006 -19"><span class='ocrx_word' id='word_1_34' title='bbox 370 684 624 740; x_wconf 81' lang='lat' dir='ltr'>Alituum</span> <span class='ocrx_word' id='word_1_35' title='bbox 649 687 1028 756; x_wconf 80' lang='lat' dir='ltr'><strong>pecudumque</strong></span> <span class='ocrx_word' id='word_1_36' title='bbox 1053 703 1225 756; x_wconf 83' lang='lat' dir='ltr'><strong>genus</strong></span> <span class='ocrx_word' id='word_1_37' title='bbox 1237 703 1413 756; x_wconf 78' lang='lat' dir='ltr'><strong>sopor</strong></span> <span class='ocrx_word' id='word_1_38' title='bbox 1435 688 1579 742; x_wconf 84' lang='lat' dir='ltr'><strong>altus</strong></span> <span class='ocrx_word' id='word_1_39' title='bbox 1604 689 1871 746; x_wconf 88' lang='lat' dir='ltr'><strong>habebat:</strong></span> 
     </span>
     <span class='ocr_line' id='line_1_10' title="bbox 371 769 1739 842; baseline 0.004 -18"><span class='ocrx_word' id='word_1_40' title='bbox 371 769 512 824; x_wconf 88' lang='lat' dir='ltr'><strong>Oum</strong></span> <span class='ocrx_word' id='word_1_41' title='bbox 537 777 696 841; x_wconf 81' lang='lat' dir='ltr'><strong>pater</strong></span> <span class='ocrx_word' id='word_1_42' title='bbox 717 771 777 827; x_wconf 86' lang='lat' dir='ltr'><strong>in</strong></span> <span class='ocrx_word' id='word_1_43' title='bbox 800 774 924 842; x_wconf 87' lang='lat' dir='ltr'><strong>ripa</strong></span> <span class='ocrx_word' id='word_1_44' title='bbox 947 774 1220 842; x_wconf 79' lang='lat' dir='ltr'><strong>gelidique</strong></span> <span class='ocrx_word' id='word_1_45' title='bbox 1247 774 1346 828; x_wconf 83' lang='lat' dir='ltr'><strong>su&#39;b</strong></span> <span class='ocrx_word' id='word_1_46' title='bbox 1374 774 1613 829; x_wconf 83' lang='lat' dir='ltr'><strong>aetheris</strong></span> <span class='ocrx_word' id='word_1_47' title='bbox 1636 793 1739 835; x_wconf 76' lang='lat' dir='ltr'><strong>axe</strong></span> 
     </span>
     <span class='ocr_line' id='line_1_11' title="bbox 369 845 1559 928; baseline 0.002 -17"><span class='ocrx_word' id='word_1_48' title='bbox 369 856 604 926; x_wconf 73' lang='lat' dir='ltr'><strong>Aeneas,</strong></span> <span class='ocrx_word' id='word_1_49' title='bbox 633 859 778 914; x_wconf 87' lang='lat' dir='ltr'><strong>tristi</strong></span> <span class='ocrx_word' id='word_1_50' title='bbox 803 845 1074 914; x_wconf 62' lang='lat' dir='ltr'><strong>turbatus‘</strong></span> <span class='ocrx_word' id='word_1_51' title='bbox 1085 855 1316 928; x_wconf 81' lang='lat' dir='ltr'><strong>pectora</strong></span> <span class='ocrx_word' id='word_1_52' title='bbox 1333 859 1494 928; x_wconf 85' lang='lat' dir='ltr'><strong>belle,</strong></span> <span class='ocrx_word' id='word_1_53' title='bbox 1556 853 1559 858; x_wconf 70' lang='grc'><strong>’</strong></span> 
     </span>
     <span class='ocr_line' id='line_1_12' title="bbox 367 945 1836 1019; baseline 0.003 -21"><span class='ocrx_word' id='word_1_54' title='bbox 367 945 672 1013; x_wconf 79' lang='lat' dir='ltr'><strong>Procubuit</strong></span> <span class='ocrx_word' id='word_1_55' title='bbox 695 959 981 1019; x_wconf 86' lang='lat' dir='ltr'><strong>seramque</strong></span> <span class='ocrx_word' id='word_1_56' title='bbox 1007 946 1160 1000; x_wconf 82' lang='lat' dir='ltr'><strong>dedit</strong></span> <span class='ocrx_word' id='word_1_57' title='bbox 1184 962 1286 1015; x_wconf 88' lang='lat' dir='ltr'><strong>per</strong></span> <span class='ocrx_word' id='word_1_58' title='bbox 1308 946 1557 1000; x_wconf 82' lang='lat' dir='ltr'><strong>membra</strong></span> <span class='ocrx_word' id='word_1_59' title='bbox 1580 947 1836 1016; x_wconf 76' lang='lat' dir='ltr'><strong>quietem.</strong></span> 
     </span>
     <span class='ocr_line' id='line_1_13' title="bbox 369 1031 1718 1110; baseline 0.003 -25"><span class='ocrx_word' id='word_1_60' title='bbox 369 1031 516 1086; x_wconf 89' lang='lat' dir='ltr'><strong>Huic</strong></span> <span class='ocrx_word' id='word_1_61' title='bbox 541 1031 675 1087; x_wconf 85' lang='lat' dir='ltr'><strong>deus</strong></span> <span class='ocrx_word' id='word_1_62' title='bbox 697 1034 814 1103; x_wconf 80' lang='lat' dir='ltr'><strong>ipse</strong></span> <span class='ocrx_word' id='word_1_63' title='bbox 839 1033 947 1110; x_wconf 79' lang='lat' dir='ltr'><strong>loci</strong></span> <span class='ocrx_word' id='word_1_64' title='bbox 972 1033 1142 1102; x_wconf 81' lang='lat' dir='ltr'><strong>fluvio</strong></span> <span class='ocrx_word' id='word_1_65' title='bbox 1167 1033 1459 1092; x_wconf 82' lang='lat' dir='ltr'><strong>Tiberinus</strong></span> <span class='ocrx_word' id='word_1_66' title='bbox 1484 1050 1718 1090; x_wconf 89' lang='lat' dir='ltr'><strong>amoeno</strong></span> 
     </span>
     <span class='ocr_line' id='line_1_14' title="bbox 367 1107 1636 1188; baseline 0.002 -16"><span class='ocrx_word' id='word_1_67' title='bbox 367 1118 642 1187; x_wconf 85' lang='lat' dir='ltr'><strong>Populeas</strong></span> <span class='ocrx_word' id='word_1_68' title='bbox 659 1108 813 1188; x_wconf 65' lang='lat' dir='ltr'><strong>infer</strong></span> <span class='ocrx_word' id='word_1_69' title='bbox 835 1120 1020 1176; x_wconf 87' lang='lat' dir='ltr'><strong>senior</strong></span> <span class='ocrx_word' id='word_1_70' title='bbox 1043 1137 1103 1174; x_wconf 90' lang='lat' dir='ltr'><strong>se</strong></span> <span class='ocrx_word' id='word_1_71' title='bbox 1127 1115 1385 1176; x_wconf 72' lang='lat' dir='ltr'><strong>attollere</strong></span> <span class='ocrx_word' id='word_1_72' title='bbox 1406 1107 1636 1174; x_wconf 70' lang='lat' dir='ltr'><strong>frondes</strong></span> 
     </span>
    </p>
   </div>
   <div class='ocr_carea' id='block_1_6' title="bbox 367 1291 1829 1473">
    <p class='ocr_par' dir='ltr' id='par_1_6' title="bbox 367 1291 1829 1473">
     <span class='ocr_line' id='line_1_15' title="bbox 367 1291 1829 1364; baseline 0.001 -16"><span class='ocrx_word' id='word_1_73' title='bbox 367 1291 740 1364; x_wconf 41' lang='lat' dir='ltr'><strong>Garbasushet</strong></span> <span class='ocrx_word' id='word_1_74' title='bbox 763 1295 930 1348; x_wconf 88' lang='lat' dir='ltr'><strong>crinis</strong></span> <span class='ocrx_word' id='word_1_75' title='bbox 953 1294 1214 1348; x_wconf 85' lang='lat' dir='ltr'><strong>umbrosa</strong></span> <span class='ocrx_word' id='word_1_76' title='bbox 1235 1293 1461 1364; x_wconf 81' lang='lat' dir='ltr'><strong>tegebat</strong></span> <span class='ocrx_word' id='word_1_77' title='bbox 1484 1293 1829 1364; x_wconf 78' lang='lat' dir='ltr'><strong>harund0,—</strong></span> 
     </span>
     <span class='ocr_line' id='line_1_16' title="bbox 367 1373 1655 1473; baseline 0.001 -40"><span class='ocrx_word' id='word_1_78' title='bbox 367 1380 504 1473; x_wconf 56' lang='lat' dir='ltr'><strong>Tpm</strong></span> <span class='ocrx_word' id='word_1_79' title='bbox 528 1382 608 1434; x_wconf 88' lang='lat' dir='ltr'><strong>sic</strong></span> <span class='ocrx_word' id='word_1_80' title='bbox 633 1373 814 1435; x_wconf 77' lang='lat' dir='ltr'><strong>adfari</strong></span> <span class='ocrx_word' id='word_1_81' title='bbox 839 1386 895 1434; x_wconf 90' lang='lat' dir='ltr'><strong>et</strong></span> <span class='ocrx_word' id='word_1_82' title='bbox 920 1396 1078 1435; x_wconf 84' lang='lat' dir='ltr'><strong>ouras</strong></span> <span class='ocrx_word' id='word_1_83' title='bbox 1104 1379 1192 1432; x_wconf 88' lang='lat' dir='ltr'><strong>his</strong></span> <span class='ocrx_word' id='word_1_84' title='bbox 1215 1378 1437 1436; x_wconf 84' lang='lat' dir='ltr'><strong>demere</strong></span> <span class='ocrx_word' id='word_1_85' title='bbox 1462 1379 1655 1434; x_wconf 89' lang='lat' dir='ltr'><strong>dictis:</strong></span> 
     </span>
    </p>
   </div>
   <div class='ocr_carea' id='block_1_7' title="bbox 294 1187 1639 1471">
    <p class='ocr_par' dir='ltr' id='par_1_7' title="bbox 294 1187 1639 1471">
     <span class='ocr_line' id='line_1_17' title="bbox 294 1187 1639 1471; baseline 0 -211"><span class='ocrx_word' id='word_1_86' title='bbox 294 1204 738 1471; x_wconf 54' lang='lat' dir='ltr'><strong>§Visus—eum</strong></span> <span class='ocrx_word' id='word_1_87' title='bbox 761 1209 945 1275; x_wconf 82' lang='lat' dir='ltr'><strong>tenuis</strong></span> <span class='ocrx_word' id='word_1_88' title='bbox 959 1187 1165 1275; x_wconf 78' lang='lat' dir='ltr'><strong>¹glauco</strong></span> <span class='ocrx_word' id='word_1_89' title='bbox 1190 1201 1410 1276; x_wconf 79' lang='lat' dir='ltr'><strong>velabat</strong></span> <span class='ocrx_word' id='word_1_90' title='bbox 1433 1207 1639 1274; x_wconf 83' lang='lat' dir='ltr'><strong>amictu</strong></span> 
     </span>
    </p>
   </div>
   <div class='ocr_carea' id='block_1_8' title="bbox 363 1465 1993 1894">
    <p class='ocr_par' dir='ltr' id='par_1_8' title="bbox 363 1465 1993 1712">
     <span class='ocr_line' id='line_1_18' title="bbox 383 1465 1993 1536; baseline 0.002 -16"><span class='ocrx_word' id='word_1_91' title='bbox 383 1481 405 1494; x_wconf 66' lang='grc'><strong>“</strong></span> <span class='ocrx_word' id='word_1_92' title='bbox 440 1469 474 1496; x_wconf 91' lang='lat'><strong>“</strong></span> <span class='ocrx_word' id='word_1_93' title='bbox 492 1466 541 1520; x_wconf 92' lang='lat' dir='ltr'>O</span> <span class='ocrx_word' id='word_1_94' title='bbox 567 1473 684 1522; x_wconf 81' lang='lat' dir='ltr'><strong>sate</strong></span> <span class='ocrx_word' id='word_1_95' title='bbox 708 1471 874 1536; x_wconf 80' lang='lat' dir='ltr'><strong>gente</strong></span> <span class='ocrx_word' id='word_1_96' title='bbox 897 1465 1078 1535; x_wconf 84' lang='lat' dir='ltr'><strong>deum,</strong></span> <span class='ocrx_word' id='word_1_97' title='bbox 1109 1465 1404 1521; x_wconf 77' lang='lat' dir='ltr'><strong>Troianam</strong></span> <span class='ocrx_word' id='word_1_98' title='bbox 1430 1483 1498 1519; x_wconf 87' lang='lat' dir='ltr'><strong>ex</strong></span> <span class='ocrx_word' id='word_1_99' title='bbox 1521 1465 1778 1522; x_wconf 78' lang='lat' dir='ltr'>hostibus</span> <span class='ocrx_word' id='word_1_100' title='bbox 1802 1471 1993 1524; x_wconf 87' lang='lat' dir='ltr'><strong>urbem</strong></span> 
     </span>
     <span class='ocr_line' id='line_1_19' title="bbox 368 1550 1785 1624; baseline 0.001 -18"><span class='ocrx_word' id='word_1_101' title='bbox 368 1552 475 1618; x_wconf 80' lang='lat' dir='ltr'><strong>Qui</strong></span> <span class='ocrx_word' id='word_1_102' title='bbox 500 1554 718 1608; x_wconf 78' lang='lat' dir='ltr'><strong>revehis</strong></span> <span class='ocrx_word' id='word_1_103' title='bbox 742 1553 908 1608; x_wconf 84' lang='lat' dir='ltr'><strong>nobis</strong></span> <span class='ocrx_word' id='word_1_104' title='bbox 929 1559 1260 1622; x_wconf 85' lang='lat' dir='ltr'><strong>aeternaque</strong></span> <span class='ocrx_word' id='word_1_105' title='bbox 1288 1550 1559 1621; x_wconf 83' lang='lat' dir='ltr'><strong>Pergama</strong></span> <span class='ocrx_word' id='word_1_106' title='bbox 1583 1570 1785 1624; x_wconf 79' lang='lat' dir='ltr'><strong>servas,</strong></span> 
     </span>
     <span class='ocr_line' id='line_1_20' title="bbox 363 1639 1667 1712; baseline 0 -18"><span class='ocrx_word' id='word_1_107' title='bbox 363 1641 698 1710; x_wconf 82' lang='lat' dir='ltr'><strong>Exspectate</strong></span> <span class='ocrx_word' id='word_1_108' title='bbox 723 1639 842 1694; x_wconf 89' lang='lat' dir='ltr'><strong>solo</strong></span> <span class='ocrx_word' id='word_1_109' title='bbox 867 1639 1132 1696; x_wconf 78' lang='lat' dir='ltr'><strong>Laurenti</strong></span> <span class='ocrx_word' id='word_1_110' title='bbox 1161 1641 1417 1712; x_wconf 79' lang='lat' dir='ltr'><strong>arvisque</strong></span> <span class='ocrx_word' id='word_1_111' title='bbox 1440 1639 1667 1710; x_wconf 86' lang='lat' dir='ltr'><strong>Latinis,</strong></span> 
     </span>
    </p>

    <p class='ocr_par' dir='ltr' id='par_1_9' title="bbox 363 1725 1885 1894">
     <span class='ocr_line' id='line_1_21' title="bbox 365 1725 1885 1806; baseline 0.003 -26"><span class='ocrx_word' id='word_1_112' title='bbox 365 1726 470 1780; x_wconf 86' lang='lat' dir='ltr'><strong>Hic</strong></span> <span class='ocrx_word' id='word_1_113' title='bbox 496 1725 598 1780; x_wconf 85' lang='lat' dir='ltr'><strong>tibi</strong></span> <span class='ocrx_word' id='word_1_114' title='bbox 623 1733 774 1782; x_wconf 85' lang='lat' dir='ltr'><strong>certa</strong></span> <span class='ocrx_word' id='word_1_115' title='bbox 797 1727 1008 1796; x_wconf 83' lang='lat' dir='ltr'><strong>domus,</strong></span> <span class='ocrx_word' id='word_1_116' title='bbox 1036 1728 1317 1782; x_wconf 85' lang='lat' dir='ltr'><strong>certi—ne</strong></span> <span class='ocrx_word' id='word_1_117' title='bbox 1343 1727 1885 1806; x_wconf 75' lang='lat' dir='ltr'><strong>absiste—Penates3</strong></span> 
     </span>
     <span class='ocr_line' id='line_1_22' title="bbox 363 1813 1751 1894; baseline 0.003 -26"><span class='ocrx_word' id='word_1_118' title='bbox 363 1813 489 1868; x_wconf 83' lang='lat' dir='ltr'><strong>Neu</strong></span> <span class='ocrx_word' id='word_1_119' title='bbox 513 1815 644 1869; x_wconf 88' lang='lat' dir='ltr'><strong>belli</strong></span> <span class='ocrx_word' id='word_1_120' title='bbox 669 1823 880 1872; x_wconf 86' lang='lat' dir='ltr'><strong>terrere</strong></span> <span class='ocrx_word' id='word_1_121' title='bbox 903 1815 1092 1894; x_wconf 76' lang='lat' dir='ltr'><strong>minis:</strong></span> <span class='ocrx_word' id='word_1_122' title='bbox 1137 1819 1326 1870; x_wconf 89' lang='lat' dir='ltr'><strong>tumor</strong></span> <span class='ocrx_word' id='word_1_123' title='bbox 1350 1816 1531 1869; x_wconf 89' lang='lat' dir='ltr'><strong>omnis</strong></span> <span class='ocrx_word' id='word_1_124' title='bbox 1555 1823 1612 1872; x_wconf 84' lang='lat' dir='ltr'><strong>et</strong></span> <span class='ocrx_word' id='word_1_125' title='bbox 1635 1817 1751 1872; x_wconf 87' lang='lat' dir='ltr'><strong>irae</strong></span> 
     </span>
    </p>
   </div>
   <div class='ocr_carea' id='block_1_9' title="bbox 357 1905 1947 3540">
    <p class='ocr_par' dir='ltr' id='par_1_10' title="bbox 365 1905 900 1968">
     <span class='ocr_line' id='line_1_23' title="bbox 365 1905 900 1968; baseline 0.009 -10"><span class='ocrx_word' id='word_1_126' title='bbox 365 1905 695 1968; x_wconf 79' lang='lat' dir='ltr'><strong>Concessere</strong></span> <span class='ocrx_word' id='word_1_127' title='bbox 719 1907 900 1964; x_wconf 89' lang='lat' dir='ltr'><strong>deum.</strong></span> 
     </span>
    </p>

    <p class='ocr_par' dir='ltr' id='par_1_11' title="bbox 361 1989 1867 2153">
     <span class='ocr_line' id='line_1_24' title="bbox 361 1989 1867 2075; baseline 0.004 -29"><span class='ocrx_word' id='word_1_128' title='bbox 361 1989 587 2062; x_wconf 87' lang='lat' dir='ltr'><strong>lamque</strong></span> <span class='ocrx_word' id='word_1_129' title='bbox 612 1994 730 2064; x_wconf 86' lang='lat' dir='ltr'><strong>tibi,</strong></span> <span class='ocrx_word' id='word_1_130' title='bbox 758 2011 828 2049; x_wconf 86' lang='lat' dir='ltr'><strong>ne</strong></span> <span class='ocrx_word' id='word_1_131' title='bbox 853 2012 998 2051; x_wconf 86' lang='lat' dir='ltr'><strong>vana</strong></span> <span class='ocrx_word' id='word_1_132' title='bbox 1021 2002 1182 2066; x_wconf 88' lang='lat' dir='ltr'><strong>putes</strong></span> <span class='ocrx_word' id='word_1_133' title='bbox 1205 1997 1342 2075; x_wconf 71' lang='lat' dir='ltr'><strong>haec</strong></span> <span class='ocrx_word' id='word_1_134' title='bbox 1365 1997 1575 2068; x_wconf 84' lang='lat' dir='ltr'><strong>fingere</strong></span> <span class='ocrx_word' id='word_1_135' title='bbox 1598 2015 1867 2066; x_wconf 78' lang='lat' dir='ltr'><strong>somnum,</strong></span> 
     </span>
     <span class='ocr_line' id='line_1_25' title="bbox 361 2078 1575 2153; baseline 0.005 -21"><span class='ocrx_word' id='word_1_136' title='bbox 361 2078 597 2134; x_wconf 84' lang='lat' dir='ltr'><strong>Litoreis</strong></span> <span class='ocrx_word' id='word_1_137' title='bbox 620 2081 815 2150; x_wconf 83' lang='lat' dir='ltr'><strong>ingens</strong></span> <span class='ocrx_word' id='word_1_138' title='bbox 839 2082 1069 2138; x_wconf 81' lang='lat' dir='ltr'><strong>inventa</strong></span> <span class='ocrx_word' id='word_1_139' title='bbox 1094 2085 1196 2138; x_wconf 89' lang='lat' dir='ltr'><strong>sub</strong></span> <span class='ocrx_word' id='word_1_140' title='bbox 1223 2084 1444 2138; x_wconf 79' lang='lat' dir='ltr'><strong>ilicibus</strong></span> <span class='ocrx_word' id='word_1_141' title='bbox 1469 2101 1575 2153; x_wconf 89' lang='lat' dir='ltr'><strong>sus,</strong></span> 
     </span>
    </p>

    <p class='ocr_par' dir='ltr' id='par_1_12' title="bbox 363 2165 1506 2240">
     <span class='ocr_line' id='line_1_26' title="bbox 363 2165 1506 2240; baseline 0.005 -22"><span class='ocrx_word' id='word_1_142' title='bbox 363 2165 610 2234; x_wconf 78' lang='lat' dir='ltr'><strong>Triginta</strong></span> <span class='ocrx_word' id='word_1_143' title='bbox 635 2169 879 2236; x_wconf 90' lang='lat' dir='ltr'><strong>capitum</strong></span> <span class='ocrx_word' id='word_1_144' title='bbox 904 2169 1050 2224; x_wconf 88' lang='lat' dir='ltr'><strong>fetus</strong></span> <span class='ocrx_word' id='word_1_145' title='bbox 1077 2171 1256 2239; x_wconf 83' lang='lat' dir='ltr'><strong>enixa,</strong></span> <span class='ocrx_word' id='word_1_146' title='bbox 1286 2171 1506 2240; x_wconf 83' lang='lat' dir='ltr'><strong>iacebit,</strong></span> 
     </span>
    </p>

    <p class='ocr_par' dir='ltr' id='par_1_13' title="bbox 362 2245 1709 2328">
     <span class='ocr_line' id='line_1_27' title="bbox 362 2245 1709 2328; baseline 0.005 -19"><span class='ocrx_word' id='word_1_147' title='bbox 362 2255 523 2325; x_wconf 85' lang='lat' dir='ltr'><strong>Alba,</strong></span> <span class='ocrx_word' id='word_1_148' title='bbox 553 2257 670 2312; x_wconf 86' lang='lat' dir='ltr'><strong>solo</strong></span> <span class='ocrx_word' id='word_1_149' title='bbox 696 2260 979 2328; x_wconf 80' lang='lat' dir='ltr'><strong>recubans,</strong></span> <span class='ocrx_word' id='word_1_150' title='bbox 1013 2260 1125 2316; x_wconf 84' lang='lat' dir='ltr'><strong>albi</strong></span> <span class='ocrx_word' id='word_1_151' title='bbox 1150 2262 1356 2316; x_wconf 87' lang='lat' dir='ltr'><strong>circum</strong></span> <span class='ocrx_word' id='word_1_152' title='bbox 1380 2245 1554 2315; x_wconf 49' lang='lat' dir='ltr'><strong>&#39;ubera</strong></span> <span class='ocrx_word' id='word_1_153' title='bbox 1576 2262 1709 2316; x_wconf 87' lang='lat' dir='ltr'><strong>nati.</strong></span> 
     </span>
    </p>

    <p class='ocr_par' dir='ltr' id='par_1_14' title="bbox 359 2339 1786 2583">
     <span class='ocr_line' id='line_1_28' title="bbox 361 2339 1786 2414; baseline 0.004 -21"><span class='ocrx_word' id='word_1_154' title='bbox 361 2340 470 2394; x_wconf 87' lang='lat' dir='ltr'><strong>Hic</strong></span> <span class='ocrx_word' id='word_1_155' title='bbox 492 2340 646 2396; x_wconf 89' lang='lat' dir='ltr'><strong>locus</strong></span> <span class='ocrx_word' id='word_1_156' title='bbox 669 2343 822 2398; x_wconf 89' lang='lat' dir='ltr'><strong>urbis</strong></span> <span class='ocrx_word' id='word_1_157' title='bbox 845 2343 966 2414; x_wconf 80' lang='lat' dir='ltr'><strong>erit,</strong></span> <span class='ocrx_word' id='word_1_158' title='bbox 995 2345 1212 2413; x_wconf 86' lang='lat' dir='ltr'><strong>requies</strong></span> <span class='ocrx_word' id='word_1_159' title='bbox 1237 2361 1303 2398; x_wconf 89' lang='lat' dir='ltr'><strong>ea</strong></span> <span class='ocrx_word' id='word_1_160' title='bbox 1327 2349 1481 2398; x_wconf 83' lang='lat' dir='ltr'><strong>certa</strong></span> <span class='ocrx_word' id='word_1_161' title='bbox 1503 2339 1786 2399; x_wconf 74' lang='lat' dir='ltr'><strong>laborum:</strong></span> 
     </span>
     <span class='ocr_line' id='line_1_29' title="bbox 359 2425 1657 2505; baseline 0.002 -25"><span class='ocrx_word' id='word_1_162' title='bbox 359 2425 447 2480; x_wconf 87' lang='lat' dir='ltr'><strong>Ex</strong></span> <span class='ocrx_word' id='word_1_163' title='bbox 475 2445 583 2497; x_wconf 88' lang='lat' dir='ltr'><strong>quo</strong></span> <span class='ocrx_word' id='word_1_164' title='bbox 609 2436 696 2505; x_wconf 81' lang='lat' dir='ltr'><strong>ter</strong></span> <span class='ocrx_word' id='word_1_165' title='bbox 719 2429 872 2484; x_wconf 87' lang='lat' dir='ltr'><strong>denis</strong></span> <span class='ocrx_word' id='word_1_166' title='bbox 897 2430 1090 2484; x_wconf 86' lang='lat' dir='ltr'><strong>urbem</strong></span> <span class='ocrx_word' id='word_1_167' title='bbox 1115 2430 1473 2484; x_wconf 83' lang='lat' dir='ltr'><strong>redeuntibus</strong></span> <span class='ocrx_word' id='word_1_168' title='bbox 1498 2431 1657 2484; x_wconf 88' lang='lat' dir='ltr'><strong>annis</strong></span> 
     </span>
     <span class='ocr_line' id='line_1_30' title="bbox 361 2513 1633 2583; baseline 0.003 -17"><span class='ocrx_word' id='word_1_169' title='bbox 361 2513 635 2569; x_wconf 83' lang='lat' dir='ltr'><strong>Ascanius</strong></span> <span class='ocrx_word' id='word_1_170' title='bbox 659 2515 791 2570; x_wconf 79' lang='lat' dir='ltr'><strong>clari</strong></span> <span class='ocrx_word' id='word_1_171' title='bbox 816 2516 1015 2569; x_wconf 89' lang='lat' dir='ltr'><strong>condet</strong></span> <span class='ocrx_word' id='word_1_172' title='bbox 1041 2515 1387 2583; x_wconf 81' lang='lat' dir='ltr'><strong>cognominis</strong></span> <span class='ocrx_word' id='word_1_173' title='bbox 1410 2515 1633 2570; x_wconf 85' lang='lat' dir='ltr'><strong>Albam.</strong></span> 
     </span>
    </p>

    <p class='ocr_par' dir='ltr' id='par_1_15' title="bbox 357 2600 1947 3103">
     <span class='ocr_line' id='line_1_31' title="bbox 361 2600 1947 2671; baseline 0.001 -17"><span class='ocrx_word' id='word_1_174' title='bbox 361 2600 525 2655; x_wconf 86' lang='lat' dir='ltr'><strong>Haud</strong></span> <span class='ocrx_word' id='word_1_175' title='bbox 547 2602 758 2656; x_wconf 86' lang='lat' dir='ltr'><strong>incerta</strong></span> <span class='ocrx_word' id='word_1_176' title='bbox 781 2618 934 2656; x_wconf 85' lang='lat' dir='ltr'><strong>cano.</strong></span> <span class='ocrx_word' id='word_1_177' title='bbox 1009 2600 1171 2654; x_wconf 82' lang='lat' dir='ltr'><strong>Nunc</strong></span> <span class='ocrx_word' id='word_1_178' title='bbox 1197 2618 1306 2670; x_wconf 90' lang='lat' dir='ltr'><strong>qua</strong></span> <span class='ocrx_word' id='word_1_179' title='bbox 1327 2601 1575 2669; x_wconf 83' lang='lat' dir='ltr'><strong>ratione,&#39;</strong></span> <span class='ocrx_word' id='word_1_180' title='bbox 1589 2601 1736 2671; x_wconf 90' lang='lat' dir='ltr'><strong>quod</strong></span> <span class='ocrx_word' id='word_1_181' title='bbox 1760 2601 1947 2670; x_wconf 77' lang='lat' dir='ltr'><strong>instat,</strong></span> 
     </span>
     <span class='ocr_line' id='line_1_32' title="bbox 359 2686 1669 2757; baseline 0.002 -17"><span class='ocrx_word' id='word_1_182' title='bbox 359 2687 635 2757; x_wconf 81' lang='lat' dir='ltr'><strong>Expedias</strong></span> <span class='ocrx_word' id='word_1_183' title='bbox 660 2688 852 2754; x_wconf 85' lang='lat' dir='ltr'><strong>victor,</strong></span> <span class='ocrx_word' id='word_1_184' title='bbox 881 2686 1669 2756; x_wconf 81' lang='lat' dir='ltr'><strong>paucis—adverte—docebO.</strong></span> 
     </span>
     <span class='ocr_line' id='line_1_33' title="bbox 359 2772 1750 2848; baseline 0.001 -21"><span class='ocrx_word' id='word_1_185' title='bbox 359 2772 607 2828; x_wconf 78' lang='lat' dir='ltr'><strong>Arcades</strong></span> <span class='ocrx_word' id='word_1_186' title='bbox 629 2773 717 2826; x_wconf 87' lang='lat' dir='ltr'><strong>his</strong></span> <span class='ocrx_word' id='word_1_187' title='bbox 741 2773 876 2848; x_wconf 52' lang='lat' dir='ltr'><strong>otis,</strong></span> <span class='ocrx_word' id='word_1_188' title='bbox 895 2789 1068 2841; x_wconf 81' lang='lat' dir='ltr'><strong>genus</strong></span> <span class='ocrx_word' id='word_1_189' title='bbox 1091 2789 1126 2828; x_wconf 90' lang='lat' dir='ltr'><strong>a</strong></span> <span class='ocrx_word' id='word_1_190' title='bbox 1147 2773 1397 2828; x_wconf 79' lang='lat' dir='ltr'><strong>Pallante</strong></span> <span class='ocrx_word' id='word_1_191' title='bbox 1423 2775 1750 2842; x_wconf 82' lang='lat' dir='ltr'><strong>profectum,</strong></span> 
     </span>
     <span class='ocr_line' id='line_1_34' title="bbox 360 2859 1807 2934; baseline 0.001 -22"><span class='ocrx_word' id='word_1_192' title='bbox 360 2859 465 2926; x_wconf 83' lang='lat' dir='ltr'><strong>Qui</strong></span> <span class='ocrx_word' id='word_1_193' title='bbox 493 2875 678 2934; x_wconf 79' lang='lat' dir='ltr'><strong>regem</strong></span> <span class='ocrx_word' id='word_1_194' title='bbox 703 2859 1021 2914; x_wconf 81' lang='lat' dir='ltr'><strong>Euandrum</strong></span> <span class='ocrx_word' id='word_1_195' title='bbox 1046 2860 1290 2928; x_wconf 81' lang='lat' dir='ltr'><strong>comites,</strong></span> <span class='ocrx_word' id='word_1_196' title='bbox 1321 2860 1416 2930; x_wconf 89' lang='lat' dir='ltr'><strong>qui</strong></span> <span class='ocrx_word' id='word_1_197' title='bbox 1438 2861 1596 2929; x_wconf 83' lang='lat' dir='ltr'><strong>signa</strong></span> <span class='ocrx_word' id='word_1_198' title='bbox 1619 2860 1807 2932; x_wconf 78' lang='lat' dir='ltr'><strong>secuti,</strong></span> 
     </span>
     <span class='ocr_line' id='line_1_35' title="bbox 357 2929 1778 3022; baseline 0.003 -24"><span class='ocrx_word' id='word_1_199' title='bbox 357 2945 624 3014; x_wconf 86' lang='lat' dir='ltr'><strong>Delegere</strong></span> <span class='ocrx_word' id='word_1_200' title='bbox 647 2945 831 3000; x_wconf 90' lang='lat' dir='ltr'><strong>locum</strong></span> <span class='ocrx_word' id='word_1_201' title='bbox 856 2953 912 3000; x_wconf 86' lang='lat' dir='ltr'><strong>et</strong></span> <span class='ocrx_word' id='word_1_202' title='bbox 937 2929 1170 3016; x_wconf 74' lang='lat' dir='ltr'><strong>posuere</strong></span> <span class='ocrx_word' id='word_1_203' title='bbox 1192 2945 1252 3000; x_wconf 88' lang='lat' dir='ltr'><strong>in</strong></span> <span class='ocrx_word' id='word_1_204' title='bbox 1275 2947 1561 3022; x_wconf 63' lang='lat' dir='ltr'><strong>montibus</strong></span> <span class='ocrx_word' id='word_1_205' title='bbox 1584 2947 1778 3019; x_wconf 75' lang='lat' dir='ltr'><strong>urbem</strong></span> 
     </span>
     <span class='ocr_line' id='line_1_36' title="bbox 357 3030 1595 3103; baseline 0.002 -18"><span class='ocrx_word' id='word_1_206' title='bbox 357 3030 627 3086; x_wconf 87' lang='lat' dir='ltr'><strong>Pallantis</strong></span> <span class='ocrx_word' id='word_1_207' title='bbox 649 3033 840 3103; x_wconf 83' lang='lat' dir='ltr'><strong>proavi</strong></span> <span class='ocrx_word' id='word_1_208' title='bbox 868 3033 937 3087; x_wconf 90' lang='lat' dir='ltr'><strong>de</strong></span> <span class='ocrx_word' id='word_1_209' title='bbox 961 3034 1185 3088; x_wconf 90' lang='lat' dir='ltr'><strong>nomine</strong></span> <span class='ocrx_word' id='word_1_210' title='bbox 1212 3033 1595 3088; x_wconf 84' lang='lat' dir='ltr'><strong>Pallanteum:</strong></span> 
     </span>
    </p>

    <p class='ocr_par' dir='ltr' id='par_1_16' title="bbox 359 3117 1738 3278">
     <span class='ocr_line' id='line_1_37' title="bbox 359 3117 1738 3190; baseline 0.003 -18"><span class='ocrx_word' id='word_1_211' title='bbox 359 3119 434 3173; x_wconf 90' lang='lat' dir='ltr'><strong>Hi</strong></span> <span class='ocrx_word' id='word_1_212' title='bbox 459 3119 664 3174; x_wconf 88' lang='lat' dir='ltr'><strong>bellum</strong></span> <span class='ocrx_word' id='word_1_213' title='bbox 689 3119 913 3174; x_wconf 88' lang='lat' dir='ltr'><strong>adsidue</strong></span> <span class='ocrx_word' id='word_1_214' title='bbox 938 3117 1148 3176; x_wconf 87' lang='lat' dir='ltr'><strong>ducunt</strong></span> <span class='ocrx_word' id='word_1_215' title='bbox 1173 3137 1298 3176; x_wconf 90' lang='lat' dir='ltr'><strong>cum</strong></span> <span class='ocrx_word' id='word_1_216' title='bbox 1321 3121 1738 3190; x_wconf 77' lang='lat' dir='ltr'><strong>genteLatina3</strong></span> 
     </span>
     <span class='ocr_line' id='line_1_38' title="bbox 359 3206 1672 3278; baseline 0.002 -19"><span class='ocrx_word' id='word_1_217' title='bbox 359 3207 476 3260; x_wconf 85' lang='lat' dir='ltr'><strong>Hos</strong></span> <span class='ocrx_word' id='word_1_218' title='bbox 499 3207 692 3262; x_wconf 87' lang='lat' dir='ltr'><strong>castris</strong></span> <span class='ocrx_word' id='word_1_219' title='bbox 716 3206 918 3262; x_wconf 85' lang='lat' dir='ltr'><strong>adhibe</strong></span> <span class='ocrx_word' id='word_1_220' title='bbox 941 3208 1132 3278; x_wconf 87' lang='lat' dir='ltr'><strong>socios,</strong></span> <span class='ocrx_word' id='word_1_221' title='bbox 1163 3213 1220 3263; x_wconf 91' lang='lat' dir='ltr'><strong>et</strong></span> <span class='ocrx_word' id='word_1_222' title='bbox 1241 3209 1473 3263; x_wconf 68' lang='lat' dir='ltr'><strong>foedera</strong></span> <span class='ocrx_word' id='word_1_223' title='bbox 1490 3209 1672 3278; x_wconf 83' lang='lat' dir='ltr'><strong>iunge.</strong></span> 
     </span>
    </p>

    <p class='ocr_par' dir='ltr' id='par_1_17' title="bbox 357 3286 1841 3540">
     <span class='ocr_line' id='line_1_39' title="bbox 357 3286 1597 3366; baseline 0.002 -20"><span class='ocrx_word' id='word_1_224' title='bbox 357 3291 482 3362; x_wconf 90' lang='lat' dir='ltr'><strong>Ipse</strong></span> <span class='ocrx_word' id='word_1_225' title='bbox 507 3310 610 3362; x_wconf 87' lang='lat' dir='ltr'><strong>ego</strong></span> <span class='ocrx_word' id='word_1_226' title='bbox 635 3298 692 3348; x_wconf 84' lang='lat' dir='ltr'><strong>te</strong></span> <span class='ocrx_word' id='word_1_227' title='bbox 715 3286 854 3364; x_wconf 73' lang='lat' dir='ltr'><strong>ripis</strong></span> <span class='ocrx_word' id='word_1_228' title='bbox 875 3300 934 3348; x_wconf 89' lang='lat' dir='ltr'><strong>et</strong></span> <span class='ocrx_word' id='word_1_229' title='bbox 955 3299 1110 3350; x_wconf 87' lang='lat' dir='ltr'><strong>recto</strong></span> <span class='ocrx_word' id='word_1_230' title='bbox 1131 3295 1358 3350; x_wconf 86' lang='lat' dir='ltr'><strong>flumine</strong></span> <span class='ocrx_word' id='word_1_231' title='bbox 1383 3295 1597 3366; x_wconf 84' lang='lat' dir='ltr'><strong>ducam,</strong></span> 
     </span>
     <span class='ocr_line' id='line_1_40' title="bbox 359 3378 1775 3456; baseline 0.003 -24"><span class='ocrx_word' id='word_1_232' title='bbox 359 3378 670 3434; x_wconf 86' lang='lat' dir='ltr'><strong>Adversum</strong></span> <span class='ocrx_word' id='word_1_233' title='bbox 692 3381 860 3435; x_wconf 82' lang='lat' dir='ltr'><strong>remis</strong></span> <span class='ocrx_word' id='word_1_234' title='bbox 879 3399 1110 3454; x_wconf 74' lang='lat' dir='ltr'><strong>superes</strong></span> <span class='ocrx_word' id='word_1_235' title='bbox 1133 3384 1425 3456; x_wconf 71' lang='lat' dir='ltr'><strong>subvectus</strong></span> <span class='ocrx_word' id='word_1_236' title='bbox 1452 3393 1513 3438; x_wconf 88' lang='lat' dir='ltr'><strong>ut</strong></span> <span class='ocrx_word' id='word_1_237' title='bbox 1536 3399 1775 3440; x_wconf 86' lang='lat' dir='ltr'><strong>amnem.</strong></span> 
     </span>
     <span class='ocr_line' id='line_1_41' title="bbox 357 3464 1841 3540; baseline 0.004 -22"><span class='ocrx_word' id='word_1_238' title='bbox 357 3464 532 3533; x_wconf 81' lang='lat' dir='ltr'><strong>Surge</strong></span> <span class='ocrx_word' id='word_1_239' title='bbox 557 3483 672 3534; x_wconf 85' lang='lat' dir='ltr'><strong>age,</strong></span> <span class='ocrx_word' id='word_1_240' title='bbox 699 3474 830 3522; x_wconf 87' lang='lat' dir='ltr'><strong>nate</strong></span> <span class='ocrx_word' id='word_1_241' title='bbox 855 3468 972 3538; x_wconf 87' lang='lat' dir='ltr'><strong>dea,</strong></span> <span class='ocrx_word' id='word_1_242' title='bbox 996 3470 1655 3540; x_wconf 73' lang='lat' dir='ltr'><strong>primisque-cadentibus</strong></span> <span class='ocrx_word' id='word_1_243' title='bbox 1680 3470 1841 3525; x_wconf 85' lang='lat' dir='ltr'><strong>astris</strong></span> 
     </span>
    </p>
   </div>
   <div class='ocr_carea' id='block_1_10' title="bbox 2336 522 2405 575">
    <p class='ocr_par' dir='ltr' id='par_1_18' title="bbox 2336 522 2405 575">
     <span class='ocr_line' id='line_1_42' title="bbox 2336 522 2405 575; baseline -0.014 0"><span class='ocrx_word' id='word_1_244' title='bbox 2336 522 2405 575; x_wconf 84' lang='lat'><strong>25</strong></span> 
     </span>
    </p>
   </div>
   <div class='ocr_carea' id='block_1_11' title="bbox 2334 956 2404 1007">
    <p class='ocr_par' dir='ltr' id='par_1_19' title="bbox 2334 956 2404 1007">
     <span class='ocr_line' id='line_1_43' title="bbox 2334 956 2404 1007; baseline -0.014 0"><span class='ocrx_word' id='word_1_245' title='bbox 2334 956 2404 1007; x_wconf 82' lang='lat'><strong>80</strong></span> 
     </span>
    </p>
   </div>
   <div class='ocr_carea' id='block_1_12' title="bbox 2330 1389 2399 1440">
    <p class='ocr_par' dir='ltr' id='par_1_20' title="bbox 2330 1389 2399 1440">
     <span class='ocr_line' id='line_1_44' title="bbox 2330 1389 2399 1440; baseline 0.014 -1"><span class='ocrx_word' id='word_1_246' title='bbox 2330 1389 2399 1440; x_wconf 81' lang='lat'><strong>35</strong></span> 
     </span>
    </p>
   </div>
   <div class='ocr_carea' id='block_1_13' title="bbox 2322 2693 2393 2746">
    <p class='ocr_par' dir='ltr' id='par_1_21' title="bbox 2322 2693 2393 2746">
     <span class='ocr_line' id='line_1_45' title="bbox 2322 2693 2393 2746; baseline 0 0"><span class='ocrx_word' id='word_1_247' title='bbox 2322 2693 2393 2746; x_wconf 72' lang='lat'><strong>50</strong></span> 
     </span>
    </p>
   </div>
   <div class='ocr_carea' id='block_1_14' title="bbox 2320 3128 2388 3179">
    <p class='ocr_par' dir='ltr' id='par_1_22' title="bbox 2320 3128 2388 3179">
     <span class='ocr_line' id='line_1_46' title="bbox 2320 3128 2388 3179; baseline 0.015 -1"><span class='ocrx_word' id='word_1_248' title='bbox 2320 3128 2388 3179; x_wconf 85' lang='lat'><strong>55</strong></span> 
     </span>
    </p>
   </div>
  </div>
 </body>
</html>
