2725 3892
913 246 918 250 ’
979 248 1254 300 VERGILI
1301 245 1631 297 AENEIDOS
1674 244 1734 293 X,

343 418 624 475 Inclusum
651 417 801 470 buxo
826 418 921 467 aut
946 412 1132 466 Oricia
1159 408 1475 463 terebintho

344 508 518 561 Lucet
541 505 709 570 ebur3
750 502 904 555 fusos
927 500 1112 553 cervix
1138 498 1225 551 cui
1250 497 1431 550 lactea
1451 492 1618 548 crinis

347 592 572 661 Accipit
597 596 656 643 et
680 587 833 641 molli
857 585 1136 639 subnectit
1163 566 1397 637 circulus
1421 596 1573 635 auro.

346 679 424 733 Te
449 693 665 747 quoque
690 660 1072 764 magnanimae
1098 670 1374 737 viderunt,
1404 668 1627 734 Ismare,
1656 669 1849 733 gentes

351 765 598 820 Volnera
619 762 883 830 derigere,
914 753 982 813 et
996 757 1234 811 calamos
1259 770 1474 809 armare
1500 768 1732 819 veneno,
2280 750 2379 800 140

275 853 604 907 >Maeonia
625 864 888 931 generose
915 824 1217 915 d01n0,⁸‘ubi
1245 841 1471 910 pinguia
1494 838 1646 893 culta

347 940 728 1008 Exercentque
753 934 876 1000 viri,
901 932 1264 999 Pactolusque
1289 929 1494 994 inrigat
1524 942 1675 979 aum.

350 1028 556 1081 Adfuit
579 1032 636 1080 et
659 1023 992 1087 Mnestheus,
1023 1034 1183 1093 quem
1209 1014 1349 1087 pulsi
1378 1006 1610 1092 pristina
1632 998 1801 1065 Turni

350 1116 572 1184 Aggere
595 1127 910 1167 moerorum
935 1107 1220 1162 sublimem
1249 1096 1425 1170 gloria
1448 1099 1609 1173 tollit

249 1230 264 1239 ·
350 1202 424 1256 Et
450 1202 661 1271 Capys:
703 1198 833 1252 hinc
854 1210 1058 1249 nomen
1083 1194 1400 1259 Campanae
1426 1185 1647 1239 ducitur
1670 1184 1810 1238 urbi.
2284 1184 2382 1234 145

423 1288 510 1342 Illi
537 1288 680 1341 inter
703 1302 818 1339 sese
843 1283 970 1337 duri
994 1279 1292 1347 certamina
1315 1274 1445 1329 belli

354 1375 746 1431 Contulerant:
789 1370 972 1424 media
998 1368 1214 1421 Aeneas
1238 1364 1383 1419 freta
1407 1364 1569 1413 nocte
1601 1358 1837 1413 secabat.

353 1462 604 1531 Namque
633 1465 692 1514 ut
716 1460 787 1514 ab
811 1456 1074 1511 Euandro
1098 1452 1290 1507 castris
1311 1450 1586 1515 ingressus
1610 1446 1859 1499 Etruscis

353 1548 561 1617 Regem
586 1546 718 1611 adit,
745 1550 802 1600 et
827 1544 944 1612 regi
969 1544 1242 1595 memorat
1265 1550 1579 1602 nomenque
1604 1548 1897 1601 genusque,

355 1634 571 1702 Quidve
596 1638 762 1703 petat,
777 1626 1032 1701 quidve'
1017 1644 1134 1697 ipse
1157 1628 1319 1691 ferat,
1349 1615 1654 1676 Mezentius
1684 1634 1835 1673 arma
2288 1618 2386 1668 150

356 1721 512 1789 Quae
535 1722 640 1775 sibi
664 1719 944 1789 conciliet
966 1715 1312 1782 violentaque
1337 1714 1567 1781 pectora
1596 1706 1767 1761 Turni

355 1809 584 1873 Edocet,
612 1806 866 1860 humanis
892 1820 1030 1873 quae
1055 1803 1128 1855 sit
1150 1796 1352 1854 fiducia
1380 1798 1555 1863 rebuS,

357 1895 654 1960 Admonet,
683 1892 1065 1975 immiscetque
1089 1904 1308 1957 preces:
1349 1885 1499 1939 haud
1522 1884 1589 1937 fit
1612 1898 1799 1948 morat,
1841 1879 2093 1934 Tarchon

357 1982 544 2051 Iungit
569 1996 716 2049 opes,
743 1978 1048 2046 foedusque
1072 1976 1232 2041 ferit3
1273 1978 1390 2027 tum
1416 1973 1589 2026 libera
1611 1969 1715 2023 fati

360 2069 600 2123 Classem
625 2064 980 2121 conscendit
965 2064 1125 2116 iussis
1151 2078 1282 2130 gens
1307 2060 1484 2127 Lydia
1512 2059 1716 2125 divom,
2292 2056 2388 2107 155

358 2156 606 2210 Externo
631 2153 921 2209 commissa
943 2150 1088 2203 duci.
1165 2148 1377 2202 Aeneia
1402 2146 1601 2215 puppis

359 2242 548 2297 Prima
569 2246 742 2308 tenet,
767 2244 948 2293 rostro
974 2237 1246 2305 Phrygios
1270 2234 1563 2289 subiuncta
1584 2233 1805 2287 leones·
1793 2274 1805 2297 ‚

361 2330 620 2383 Imminet
643 2324 744 2382 Ida
769 2342 946 2395 super,
975 2324 1220 2394 profugis
1245 2322 1556 2392 gratissima
1588 2310 1825 2374 Teucria.

366 2417 471 2472 Hic
494 2432 718 2485 magnus
743 2410 894 2468 sedet
919 2408 1154 2476 Aeneas,
1182 2426 1474 2478 secumque
1502 2408 1716 2463 volutat
1793 2395 1801 2406 ⁶

363 2504 608 2558 Eventus
636 2502 762 2557 belli
788 2501 998 2567 varios3
1038 2497 1325 2567 Pallasque
1359 2498 1605 2552 sinisti-0⁴
1632 2506 1666 2513 “
2292 2494 2394 2545 160

365 2591 598 2645 Adfixus
619 2590 779 2644 lateri
804 2590 913 2642 iam
943 2588 1158 2657 quaerit
1183 2586 1375 2654 sidera,
1406 2601 1610 2653 opacae
2222 2587 2231 2597 ’

363 2678 558 2733 Noctis
581 2678 704 2747 iter²
730 2676 841 2730 iam
867 2692 1003 2744 quae
1027 2691 1216 2743 passus
1242 2682 1498 2742 terraque
1524 2674 1787 2743 marique.

434 2764 670 2819 Pandite
696 2778 842 2816 nunc
865 2760 1149 2827 Helicona,
1179 2761 1330 2826 deae,
1361 2766 1661 2829 cantusque
1686 2756 1921 2823 movete,
1994 2752 2001 2764 “

367 2851 518 2917 Quae
543 2866 739 2905 manus
763 2850 976 2903 interea
999 2847 1188 2901 Tuscis
1212 2848 1509 2901 comitetur
1534 2846 1602 2899 ab
1630 2845 1742 2899 oris
1792 2836 1799 2845 ’

367 2939 612 3007 Aenean,
639 2941 920 3004 armetque
944 2939 1106 3001 τεῖρε,
1135 2934 1438 3003 pelagoque
1462 2933 1713 2987 vehatur.
2298 2927 2399 2978 165

435 3024 700 3101 Massicus
723 3012 911 3105 aerata
933 3022 1192 3090 princeps
1216 3026 1364 3075 secat
1390 3036 1631 3089 aequora
1654 3018 1829 3093 Tigri;

367 3110 479 3164 Sub
506 3126 614 3180 quo
638 3090 790 3163 mille
812 3095 1008 3164 manus
1033 3108 1308 3174 iuvenum,
1339 3108 1430 3175 qui
1457 3106 1677 3160 moenia
1701 3104 1867 3167 Clusi,

369 3196 582 3266 Quique
606 3196 800 3250 urbem
828 3182 1038 3263 liquere
1067 3194 1261 3253 Cosam
1305 3194 1426 3260 quis
1452 3192 1565 3265 tela,
1586 3182 1847 3265 sagittae.

368 3284 678 3356 Gorytique
699 3282 850 3335 leves
874 3278 1078 3333 umeris
1102 3286 1158 3333 et
1181 3278 1364 3345 letifer
1397 3294 1568 3331 arcus.

368 3350 493 3425 Una
515 3378 710 3424 torvus
729 3368 912 3432 Abas;
952 3366 1079 3419 huic
1106 3368 1281 3418 totum
1310 3364 1615 3431 insignibus
1640 3364 1805 3416 armis
2304 3352 2405 3406 170

375 3458 586 3527 Agmen
613 3460 672 3510 et
695 3458 888 3509 aurato
911 3452 1156 3519 fulgebat
1183 3449 1443 3518 Apolline
1468 3450 1684 3517 puppiS.

368 3544 662 3601 Sescentos
685 3540 766 3595 illi
790 3530 1016 3595 dederat
1043 3536 1350 3613 Populonia
1374 3540 1551 3589 mater
