2725 3892
1029 208 1304 269 vnn'fflm
1334 214 1481 269 ‘AEN
1488 218 1677 271 Emos
1720 216 1808 271 11.

400 378 614 449 Cetera,
645 396 754 451 qua
779 377 940 447 iusso,
969 394 1188 434 mecum
1209 394 1408 434 manus
1430 379 1639 436 inferat
1662 380 1871 436 arma.”

398 466 558 523 llicet
581 468 640 521 in
663 482 853 521 muros
876 470 997 521 tota
1019 466 1346 521 discurritur
1368 468 1522 521 urbe.

401 554 712 609 Concilium
734 554 854 621 ipse
877 558 1034 622 pater
1059 560 1118 608 et
1139 568 1342 623 magna
1363 554 1589 624 incepta
1611 554 1839 611 Latinus

398 640 622 695 Deserit
643 658 709 695 ac
732 640 882 693 tristi
904 640 1162 694 turbatus
1187 646 1441 709 tempore
1464 640 1666 708 differt,
2331 643 2437 701 470

397 726 689 798 Multaque
709 743 770 781 se
792 727 1024 794 incusat,
1054 726 1148 797 qui
1173 742 1289 782 non
1313 729 1593 797 acceperit
1616 728 1764 783 ultro

400 812 740 868 Dardanium
763 812 1013 881 Aenean,
1042 828 1419 884 generumque
1442 815 1702 870 asciverit
1724 815 1867 869 urbi.

398 898 766 955 Praefodiunt
784 899 876 955 alii
901 904 1104 968 portas,
1131 904 1232 954 aut
1253 916 1387 955 saxa
1411 900 1679 971 sudesque

399 986 756 1042 Subvectant.
831 985 990 1040 Bello
1013 986 1114 1041 dat
1137 986 1354 1054 signum
1382 1003 1545 1043 rauca
1569 993 1858 1043 cruentum

398 1072 631 1129 Bucina.
702 1072 839 1127 Tum
865 1088 1056 1126 muros
1079 1072 1232 1127 varia
1255 1074 1478 1128 cinxere
1502 1090 1709 1129 corona
2328 1076 2433 1133 475

395 1158 686 1217 Matronae
709 1158 1005 1228 puerique:
1045 1164 1209 1213 vocat
1231 1159 1390 1213 labor
1412 1160 1639 1215 ultimus
1664 1161 1861 1215 omnis.

397 1244 518 1301 Nec
539 1262 656 1301 non
679 1244 749 1299 ad
771 1245 1040 1316 templum
1066 1262 1413 1316 summasque
1438 1247 1507 1301 ad
1532 1246 1771 1303 Palladis
1796 1264 1949 1305 arcos

397 1330 734 1393 Subvehitur
758 1347 958 1401 magna
980 1336 1218 1387 matrum
1247 1334 1433 1401 regina
1460 1338 1697 1402 caterva,

399 1418 562 1473 Dona
584 1420 782 1487 ferens,
812 1417 1072 1488 iuxtaque
1099 1435 1286 1474 comes
1309 1420 1537 1475 Lavinia
1558 1421 1735 1492 virgo,

401 1506 581 1561 Causa
603 1504 736 1559 mali
763 1505 920 1573 tanti,
954 1506 1142 1561 oculos
1165 1506 1381 1562 deiecta
1402 1508 1649 1563 decoros.
2326 1514 2431 1565 480

401 1592 716 1647 Succedunt
741 1598 958 1659 matres,
990 1598 1046 1647 et
1071 1594 1344 1663 templum
1371 1600 1496 1650 ture
1522 1602 1807 1666 vaporant,

394 1678 470 1733 Et
492 1684 730 1735 maestas
755 1678 869 1732 alto
892 1678 1136 1735 fundunt
1161 1680 1230 1734 de
1255 1682 1447 1736 limine
1470 1698 1660 1737 voces:

397 1769 432 1797 “
449 1768 822 1837 Armipotens,
851 1783 1074 1839 praeses
1095 1766 1240 1835 belli,
1271 1768 1521 1823 Tritonia
1546 1772 1718 1838 virgo,

393 1853 608 1923 Frange
633 1850 800 1909 manu
823 1854 998 1909 telum
1020 1853 1253 1923 Phrygii
1277 1856 1585 1924 praedonis,
1615 1862 1672 1911 et
1696 1858 1873 1927 ipsum

396 1940 641 1995 Pronum
668 1950 850 1995 sterne
875 1940 1008 2009 sole,
1035 1943 1320 2011 portisque
1345 1942 1567 1996 effunde
1590 1944 1691 1997 sub
1716 1943 1896 1998 altis.”
2322 1948 2426 2000 485

399 2027 654 2097 Cingitur
679 2029 798 2097 ipse
823 2028 1012 2081 furens
1035 2028 1284 2081 certatim
1313 2029 1371 2081 in
1397 2029 1606 2096 proelia
1628 2028 1860 2084 Turnus.

395 2114 620 2186 Iamque
645 2115 782 2169 adeo
807 2114 1074 2169 Rutulum
1101 2114 1330 2169 thoraca
1353 2114 1581 2168 indutus
1605 2116 1757 2169 aenis

395 2204 672 2260 Horrebat
695 2205 950 2275 squamis,
981 2218 1242 2272 surasque
1267 2202 1565 2256 incluserat
1588 2218 1739 2271 auro,
1888 2268 1893 2273 ¹

393 2292 666 2362 Tempora
689 2291 867 2346 nudus
891 2290 1087 2358 adhuc,
1116 2289 1385 2360 laterique
1410 2290 1723 2345 accinxerat
1746 2266 1951 2359 ensem,

374 2378 774 2451 ·Fulgebatque
799 2380 912 2435 alta
935 2380 1232 2435 decurrens
1258 2394 1459 2435 aureus
1480 2394 1623 2447 arce,
2319 2382 2425 2435 490

391 2465 754 2536 Exsultatqne
780 2467 995 2536 animis,
1022 2472 1201 2537 et-sp'e
1225 2466 1338 2523 iam
1359 2465 1632 2535 praecipit
1652 2464 1904 2522 hostem:

393 2552 582 2619 Qualis
605 2555 700 2609 ubi
726 2554 977 2624 abruptis
999 2553 1148 2626 fugit
1169 2552 1489 2625 praesaepia
1512 2551 1709 2608 vinclis

391 2638 634 2697 Tandem
658 2642 799 2697 liber
821 2658 1009 2713 equus,
1037 2658 1342 2716 campoque
1365 2643 1583 2713 potitus
1606 2647 1800 2712 aperto
1903 2690 1929 2727 ,Ι
1962 2654 2019 2712 x.'
2038 2677 2069 2705 ι.
2088 2658 2107 2677 ··

369 2702 512 2783 {ut
533 2728 708 2783 ille'in
731 2734 922 2799 pastus
945 2734 1300 2801 armentaque
1325 2730 1509 2785 tendit
1530 2744 1812 2799 equarum,

393 2815 524 2881 Aut,
553 2815 812 2871 adsuetus
837 2832 1012 2886 aquae
1035 2816 1288 2886 perfundi
1311 2816 1539 2871 flumine
1562 2820 1716 2883 noto,
2320 2818 2426 2869 495

389 2900 620 2969 Emicat,
648 2902 986 2972 arrectisque
1009 2904 1198 2958 fremit
1222 2904 1529 2959 cervicibus
1554 2902 1665 2959 alte

382 2988 714 3071 Luxuriam,
742 2989 1048 3069 luduntque
1071 2989 1236 3044 iubae
1259 3006 1360 3058 per
1384 2990 1540 3057 colla,
1568 3006 1669 3060 per
1692 3004 1890 3044 armos.

391 3074 572 3131 Obvia
595 3076 699 3141 cui,
729 3074 1068 3129 Volscorum
1095 3076 1210 3131 acie
1237 3076 1555 3142 comitante,
1584 3074 1817 3131 Camilla

291 3176 300 3181 ·
389 3162 662 3229 Occurrit,
689 3161 975 3231 portisque
998 3162 1068 3215 ab
1091 3177 1232 3231 equo
1257 3162 1448 3231 regina
1472 3163 1573 3215 sub
1596 3162 1731 3230 ipsis

388 3248 646 3319 Desiluit,
676 3264 842 3319 quam
865 3252 988 3301 tota
1011 3248 1211 3303 cohors
1231 3249 1454 3301 imitata
1476 3248 1683 3303 relictis
2322 3246 2429 3296 500

390 3336 480 3392 Ad
507 3344 712 3392 terram
739 3332 972 3389 defluxit
994 3334 1181 3404 equis3
1220 3339 1338 3387 tum
1365 3331 1501 3386 talia
1524 3334 1707 3388 fatur:

391 3425 428 3454 ‘⁴
445 3423 644 3492 Turne,
675 3423 760 3477 sui
782 3420 988 3477 merito
1011 3420 1059 3475 ei
1083 3436 1194 3491 qua
1215 3424 1302 3474 est
1324 3418 1524 3473 fiducia
1546 3420 1699 3485 forti,

392 3510 589 3565 Audeo
614 3514 671 3563 et
699 3502 1022 3562 Aeneadum
1047 3506 1314 3576 promitto
1341 3520 1631 3558 occurrere
1656 3510 1872 3559 turmae
