2725 3892
1013 846 1071 916 P.
1101 847 1383 917 VERGILI
1424 848 1725 918 MAROMS

847 1030 939 1106 A
1003 1031 1075 1104 E
1139 1030 1231 1105 N
1293 1031 1368 1105 E
1434 1031 1479 1106 Ι
1541 1032 1625 1106 D
1694 1030 1767 1107 O
1839 1031 1894 1107 S

1031 1223 1301 1285 LIBER
1356 1224 1679 1287 NONUS.

355 1514 539 1585 Atque
563 1532 629 1571 ea
651 1515 869 1573 diversa
891 1517 1113 1586 penitus
1140 1516 1273 1570 dum
1301 1522 1462 1585 parte
1488 1522 1770 1584 geruntur,

351 1600 486 1658 Irim
510 1602 580 1657 de
604 1604 758 1659 caelo
785 1604 933 1669 misit
958 1586 1218 1659 Saturnia
1246 1603 1387 1658 Iuno

351 1688 636 1745 Audacem
664 1690 734 1745 ad
759 1690 1021 1747 Turnum.
1097 1684 1248 1745 Luco
1274 1697 1393 1745 tum
1420 1692 1571 1745 forte
1598 1690 1847 1760 parentis

350 1775 593 1855 Pilumni
618 1776 832 1831 Turnus
856 1784 1069 1832 sacrata
1092 1778 1236 1833 valle
1260 1778 1504 1832 sedebat.

350 1863 444 1917 Ad
469 1880 631 1933 quem
658 1864 734 1918 sic
759 1880 920 1919 roseo
943 1864 1336 1920 Thaumantias
1362 1854 1459 1919 ore
1484 1864 1670 1918 locuta
1696 1868 1809 1918 est:

354 1953 390 1980 ‘⁴
405 1950 603 2021 Turne,
633 1951 780 2021 quod
805 1952 1019 2021 optanti
1047 1952 1235 2010 divom
1259 1953 1589 2021 promittere
1610 1966 1777 2005 nemo

352 2037 617 2107 Auderet‚
647 2037 918 2105 volvenda
940 2038 1074 2108 dies,
1106 2055 1192 2107 en,
1221 2038 1407 2093 attulit
1433 2038 1601 2093 ultro·

351 2126 586 2195 Aeneae,
615 2125 750 2180 urbe
775 2132 833 2180 et
855 2126 1019 2181 sociis
1041 2131 1099 2181 et
1124 2126 1296 2181 classe
1325 2122 1537 2195 relicta,

351 2213 590 2283 Sceptra
605 2211 845 2267 Palatini
871 2212 1162 2283 sedemque
1187 2214 1327 2283 petit
1353 2213 1633 2283 Euandri;

351 2298 471 2354 Nec
495 2300 655 2355 satis:
697 2305 969 2354 extremas
994 2300 1228 2366 Corythi
1253 2302 1567 2369 penetravit
1592 2302 1662 2356 ad
1688 2301 1865 2369 urbes,

350 2384 738 2455 Lydorumque
762 2402 986 2444 manum
1010 2386 1272 2441 collectos
1297 2393 1477 2447 annet
1503 2390 1750 2456 agrestis.

352 2472 500 2538 Quid
523 2472 778 2528 dubitas?
813 2488 960 2526 nunc
985 2476 1204 2541 tempus
1228 2488 1411 2541 equoS,
1440 2489 1590 2527 nunc
1614 2488 1843 2544 poscere
1866 2488 2071 2526 currus.

351 2558 569 2629 Rumpe
592 2571 773 2634 moras
798 2560 979 2613 omnis
1001 2564 1059 2612 et
1081 2558 1306 2613 turbata
1329 2558 1513 2627 arripe
1537 2558 1771 2613 castra.”

349 2646 523 2715 Dixit,
551 2651 610 2700 et
633 2646 692 2698 in
715 2645 927 2699 caelum
951 2644 1176 2713 paribus
1200 2660 1258 2699 se
1283 2644 1508 2699 sustulit
1532 2644 1648 2713 alis,

351 2724 745 2801 lugentemque
768 2731 902 2799 fuga
925 2731 1098 2785 secuit
1125 2732 1226 2786 sub
1251 2730 1493 2787 nubibus
1519 2748 1723 2790 arcum.

349 2818 599 2887 Agnovit
621 2816 850 2885 iuvenis,
878 2817 1218 2888 duplicisque
1243 2818 1312 2873 ad
1341 2818 1525 2873 sidera
1547 2818 1761 2888 palmas

315 2956 320 2959 .
347 2904 599 2971 Sustulit,
627 2920 691 2959 ac
713 2903 813 2958 tali
837 2904 1136 2975 fugientem
1162 2911 1246 2959 est
1268 2921 1407 2959 voce
1432 2911 1680 2961 secutus:

319 2958 386 3023 ἦ*
403 2992 496 3061 Iri,
524 2972 693 3047 decus
716 2991 870 3062 caeli,
899 2994 1021 3063 quis
1045 2998 1102 3048 te
1127 2992 1267 3047 mihi
1293 2993 1532 3061 nubibus
1555 2998 1736 3056 actam

349 3076 566 3135 Detu'lit
589 3078 647 3132 in
671 3078 887 3135 terras?
925 3080 1076 3135 unde
1092 3079 1232 3134 haec
1257 3086 1368 3133 tam
1396 3060 1542 3135 clara
1566 3072 1795 3149 reperite

348 3166 702 3235 Tempestas?
739 3167 984 3222 medium
1009 3166 1173 3221 video
1200 3165 1481 3221 discedere
1502 3166 1731 3233 caelum,

308 3274 323 3278 ·
336 3253 698 3323 'Palantisque
721 3255 852 3323 polo
877 3254 1076 3309 stellas.
1152 3252 1365 3323 Sequor
1390 3254 1576 3308 omina
1600 3259 1773 3321 tanta,
1855 3265 1865 3273 ·

351 3340 609 3411 Quisquis
629 3341 690 3394 in
715 3356 868 3395 arma
893 3340 1112 3395 vocas.”
1185 3339 1258 3394 Et
1277 3339 1356 3395 sic
1383 3340 1581 3396 effatus
1606 3341 1675 3396 ad
1700 3339 1905 3395 undam

347 3426 641 3495 Processit,
670 3442 991 3497 summoque
1017 3426 1201 3481 hausit
1223 3427 1294 3481 de
1318 3430 1539 3497 gurgite
1562 3426 1832 3497 lymphas,

349 3512 528 3567 Multa
548 3512 683 3567 deos
708 3528 888 3583 orans,
916 3513 1276 3584 oneravitque
1301 3514 1531 3571 aethera
1554 3517 1713 3571 votis.

2322 2304 2383 2354 10

2316 2734 2382 2785 15

2310 3170 2381 3221 20
