2725 3892
955 192 1228 244 VERGILI
1273 191 1604 242 AENEIDOS
1647 191 1761 240 vu.

353 355 592 413 Aurunci
616 356 818 410 misere
843 360 1027 424 patres
1052 353 1405 422 SidicInaque
1428 352 1587 406 iuxta

345 443 619 512 Aequora,
648 443 852 512 quique
875 441 1036 496 Cales
1059 440 1332 509 linquunt,
1362 439 1649 507 amnisque
1676 437 1865 491 vadosi

344 529 554 584 Accola
576 527 858 592 Volturni,
885 528 1206 596 pariterque
1230 525 1505 580 Saticulus
1528 541 1688 594 asper

345 616 721 684 Oscorumque
745 630 956 668 manus.
1031 612 1254 666 Teretes
1277 616 1409 665 sunt
1432 611 1655 678 aclydes
1676 610 1787 664 illis
2276 611 2379 666 '730

343 701 504 771 Tela3
543 703 638 756 sed
661 701 800 756 haec
820 699 974 754 leuto
1001 715 1120 752 mos
1145 704 1229 752 est
1255 703 1447 766 aptare
1470 696 1704 766 flagello.

343 789 552 843 Laevas
576 793 763 844 caetra
785 787 938 856 tegit,
968 784 1160 840 falcati
1186 785 1495 839 comminus
1516 799 1689 838 enses.

415 874 535 930 Neo
559 881 620 929 tu
645 873 980 929 carminibus
1005 871 1208 926 nostris
1232 871 1472 926 indictus
1495 868 1687 938 abibis,

345 961 572 1029 Oebale,
599 977 763 1031 quem
787 975 1078 1030 generasse
1104 958 1277 1014 Telon
1304 957 1603 1012 Sebethide
1628 957 1874 1026 nympha

345 1049 558 1117 Fertur,
587 1048 884 1103 Teleboum
911 1047 1152 1116 Capreas
1179 1034 1302 1100 cum
1329 1061 1505 1112 regna
1526 1048 1757 1112 teneret,
2280 1041 2381 1100 735

345 1134 465 1190 Iam
490 1135 700 1204 senior3
741 1134 935 1203 patriis
957 1134 1056 1188 sed
1081 1148 1193 1186 non
1220 1136 1278 1186 et
1301 1130 1447 1184 filius
1473 1131 1620 1185 arvis

347 1222 656 1277 Contentus
677 1221 790 1276 late
813 1221 922 1276 iam
949 1225 1064 1274 tutu
1092 1218 1312 1274 dicione
1339 1216 1629 1286 premebat

347 1309 612 1364 Sarrastis
637 1308 872 1378 populos
893 1313 951 1361 et
975 1323 1116 1377 quae
1141 1306 1284 1374 rigat
1311 1321 1552 1374 aequora
1576 1303 1798 1370 Sarnus,

349 1394 564 1464 Quique
588 1394 795 1448 Rufras
818 1393 1186 1462 Batulumque
1211 1397 1405 1447 tenent
1432 1397 1599 1459 atque
1625 1405 1759 1444 arva
1782 1388 2089 1455 Celemnae,

346 1479 421 1534 Et
445 1497 580 1550 quos
604 1480 887 1535 maliferae
911 1479 1234 1548 despectant
1257 1477 1480 1532 moenia
1510 1474 1759 1544 Abellae,
2278 1473 2409 1540 740,

347 1567 651 1622 Teutonico
673 1568 787 1620 ritu
811 1567 960 1620 soliti
985 1571 1248 1636 torquere
1273 1565 1507 1632 cateias;

346 1653 608 1723 Tegmina
631 1657 752 1724 quis
775 1653 1016 1723 capitum
1043 1657 1234 1722 raptus
1259 1652 1328 1706 de
1353 1653 1551 1706 subere
1578 1655 1785 1716 cortex,

347 1741 696 1812 Aerataeque
719 1741 927 1795 micant
952 1741 1146 1809 peltae,
1175 1740 1344 1794 micat
1372 1754 1563 1794 aereus
1588 1737 1747 1792 ensis.

417 1827 492 1882 Et
513 1833 572 1882 te
595 1833 884 1882 montosae
909 1829 1106 1882 misere
1131 1827 1188 1881 iu
1213 1827 1422 1897 proelia
1445 1826 1669 1894 Nersae,

348 1913 540 1983 Ufens,
567 1915 836 1983 insignem
863 1917 1016 1992 fama
1039 1909 1096 1968 et
1119 1914 1374 1986 felicibus
1400 1918 1594 1984 armis3
2274 1913 2376 1971 *0³45

349 2001 592 2055 Horrida
613 2001 907 2070 praecipue
933 2002 1019 2054 cui
1047 2017 1196 2070 gens,
1227 2001 1563 2071 adsuetaque
1588 2003 1763 2057 multo

349 2086 574 2142 Venatu
596 2103 899 2155 nemorum,
929 2087 1080 2141 duris
1103 2083 1411 2156 Aequicula
1434 2089 1657 2162 glaebiS.

350 2175 566 2228 Armati
593 2181 797 2228 terram
825 2180 1099 2243 exercent,
1129 2192 1453 2244 semperque
1482 2179 1719 2232 recentis

351 2263 692 2316 convectare
716 2261 870 2315 iuvat
889 2262 1122 2330 praedas
1145 2267 1201 2316 et
1228 2263 1617 2332 vivererapto.

420 2347 568 2413 Quin
592 2352 650 2402 et
672 2347 954 2402 Marruvia
977 2349 1130 2403 venit
1154 2347 1224 2402 de
1247 2353 1414 2418 gente
1441 2351 1712 2419 sacerdos,
2282 2347 2386 2404 '150

350 2435 568 2488 Fronde
594 2451 758 2503 super
783 2433 992 2504 galeam
1019 2439 1075 2488 et
1102 2435 1253 2488 felici
1279 2440 1535 2503 comptus
1562 2437 1723 2504 oliva,
2296 2449 2303 2456 ‘

352 2519 619 2590 Archippi
645 2521 790 2586 regis
815 2522 996 2590 missu,
1025 2521 1360 2574 fortissimus
1390 2521 1616 2591 Umbr0‚

353 2607 596 2676 Vipereo
620 2607 809 2675 generi
833 2612 890 2660 et
915 2605 1152 2675 graviter
1179 2607 1519 2676 spirantibus
1542 2608 1737 2676 hydris

352 2694 620 2763 Spargere
645 2695 740 2763 qui
763 2709 986 2748 somnos
1003 2698 1276 2764 cantuque
1301 2710 1579 2763 manuque
1604 2693 1830 2760 solebat,

346 2773 737 2847 ‘Mulcebatque
759 2779 870 2844 iras
895 2785 952 2833 et
976 2794 1193 2833 morsus
1219 2786 1338 2834 arte
1363 2779 1603 2834 levabat.
2284 2779 2385 2836 755

353 2865 460 2919 Sed
485 2881 599 2918 non
622 2864 932 2920 Dardaniae
958 2866 1216 2920 medicari
1244 2865 1485 2936 cuspidis
1510 2867 1679 2919 ictum

351 2951 589 3019 Evaluit,
615 2968 794 3021 neque
819 2969 942 3006 eum
966 2953 1158 3006 iuvere
1185 2953 1244 3006 in
1270 2953 1495 3006 volnera
1518 2957 1713 3020 cantus
1817 2980 1865 3022 χ

353 3038 652 3093 Somniseri
677 3045 734 3093 et
757 3037 954 3092 Marsis
979 3040 1258 3116 quaesitae
1284 3039 1567 3093 montibus
1590 3038 1816 3094 herbae.
1866 3030 1918 3107 ’χ

352 3127 429 3180 Te
453 3142 645 3180 nemus
674 3125 985 3194 Anguitiae,
1013 3127 1193 3182 vitrea
1216 3131 1273 3180 te
1299 3125 1541 3180 Fucinus
1566 3125 1730 3251 unda,

353 3212 430 3267 Te
453 3213 645 3282 liquidi
669 3211 868 3266 flevere
892 3211 1062 3267 lacus.
2284 3209 2387 3268 760

424 3298 550 3353 Ibat
565 3305 624 3353 et
647 3297 938 3368 Hippolyti
963 3297 1147 3368 proles
1171 3299 1543 3368 pulcherrima
1564 3245 1729 3368 bello,
1888 3303 1898 3312 '

355 3383 600 3452 Virbius,
627 3383 898 3453 insignem
924 3401 1088 3455 quem
1111 3391 1291 3440 mater
1317 3385 1507 3442 Aricia
1530 3386 1696 3456 misit,

352 3469 626 3524 Eductam
653 3467 881 3539 Egeriae
903 3468 1044 3524 lueis
1065 3473 1314 3528 umentia
1336 3473 1542 3528 circum
