2725 3892
951 204 1229 255 VERGILI
1275 204 1535 255 ECLOGA
1574 204 1715 258 vm.

316 367 607 435 Cei-tantis,
638 382 872 436 quorum
897 366 1241 435 stupefactae
1267 365 1509 419 carmine
1532 364 1739 433 lynces,

315 454 389 509 Et
412 459 628 509 mutata
650 471 779 509 suos
801 454 1122 523 requierunt
1145 452 1377 507 flumina
1398 468 1604 520 cursus,

313 540 581 595 Damonis
604 540 816 595 Musam
842 540 1089 593 dicemus
1111 544 1168 593 et
1191 539 1568 609 Alphesiboei.
2314 538 2351 593 ὅ

383 627 465 681 Tu
490 627 626 680 mihi
652 643 746 681 seu
771 626 956 694 magni
983 642 1210 695 superas
1231 626 1340 679 iam
1368 642 1500 679 saxa
1522 624 1748 693 Timavi,

315 714 444 768 Sive
469 730 619 767 oram
646 712 851 779 Illyrici
877 712 1016 781 legis
1039 712 1308 780 aequoris,
1335 727 1407 767 en
1434 712 1539 765 erit
1564 726 1823 780 umquam

315 800 416 854 Ille
439 799 572 868 dies,
599 798 736 851 mihi
762 814 888 852 cum
911 797 1078 852 liceat
1101 804 1200 852 tua
1222 798 1407 851 dicere
1431 798 1611 851 facta?

314 886 402 941 En
426 888 548 955 erit,
575 890 640 939 ut
661 885 828 939 liceat
851 888 1034 939 totum
1057 884 1194 937 mihi
1218 884 1364 938 ferre
1386 900 1489 953 per
1512 884 1705 938 orbem

303 974 446 1063 §cla
468 970 1691 1052 QiQQss-OEO?
1710 1006 1835 1028 —..
2284 972 2353 1025 10

315 1059 370 1115 A
397 1066 453 1113 te
477 1059 824 1129 principium,
851 1058 955 1111 tibi
979 1056 1212 1115 desinet.
1287 1056 1499 1125 Accipe
1522 1057 1685 1111 iussis

317 1146 578 1201 Carmina
601 1150 800 1215 coepta
821 1144 947 1212 tuiS,
979 1149 1144 1212 atque
1168 1142 1314 1198 hanc
1337 1144 1455 1197 sine
1478 1149 1732 1214 tempora
1754 1143 1963 1201 circum

315 1232 471 1287 Inter
497 1233 738 1286 victricis
761 1231 1022 1285 hederam
1047 1230 1152 1284 tibi
1177 1246 1401 1300 serpere
1424 1230 1628 1285 laurus.

387 1319 608 1389 Frigida
631 1320 726 1373 vix
751 1319 905 1373 caelo
927 1317 1110 1372 noctis
1135 1316 1447 1372 decesserat
1465 1318 1676 1383 umbra,

317 1406 454 1460 Cum
479 1423 572 1459 ros
595 1405 652 1459 in
678 1410 870 1460 tenera
893 1404 1082 1475 pecori
1105 1404 1445 1473 grat-issimus
1468 1404 1658 1469 herba,
2280 1406 2349 1459 15

317 1492 649 1567 Incumbens
671 1492 838 1558 tereti
861 1490 1749 1563 QonflQQuffiQ-

385 1566 543 1633 Dffi.
584 1574 686 1632 “'N
691 1594 889 1644 escere,
919 1594 1160 1648 praeque
1185 1576 1332 1632 diem
1356 1579 1586 1633 veniens
1610 1594 1727 1648 age,
1756 1578 1993 1645 Lucifer,
2022 1577 2244 1645 almum,

315 1666 582 1735 Coniugis
604 1665 832 1737 imi-igne
857 1664 1042 1733 Nysae
1066 1664 1329 1734 deceptus
1351 1682 1543 1720 amore

316 1751 462 1806 Dum
488 1768 702 1822 queror,
731 1757 789 1805 et
813 1752 986 1821 divos,
1015 1769 1342 1823 quamquam
1365 1752 1445 1806 nil
1471 1753 1703 1807 testibus
1724 1751 1832 1807 illis

316 1839 548 1919 ljgofeei,
577 1844 826 1893 extrema
857 1840 1104 1893 moriens
1127 1844 1314 1894 tamen
1339 1839 1607 1909 adloquor
1630 1840 1787 1893 hora.
2279 1840 2349 1890 20

385 1926 574 1995 Incipe
599 1925 900 1981 Maenalios
919 1944 1152 1996 mecum,
1179 1943 1305 1981 mea
1327 1926 1481 1995 tibia,
1510 1942 1715 1981 versus,

315 2014 599 2069 Maenalus
622 2020 990 2085 argutumque
1013 2031 1207 2069 nemus
1229 2015 1499 2084 pinosque
1520 2013 1799 2082 loquentis

317 2102 545 2173 Semper
567 2102 766 2171 habet;
809 2118 1026 2172 semper
1051 2107 1332 2171 pastorum
1356 2100 1450 2156 ille
1474 2100 1629 2155 audit
1654 2116 1880 2169 amores,

314 2186 590 2258 Panaque,
620 2190 712 2259 qui
735 2190 947 2259 primus
969 2189 1210 2243 calamos
1231 2206 1346 2243 non
1371 2204 1565 2257 passus
1588 2188 1803 2243 inertis.

289 2264 350 2299 ·“’
385 2275 572 2345 Incipe
596 2276 900 2331 Maenalios
923 2292 1156 2345 mecum,
1182 2292 1312 2330 mea
1331 2274 1487 2343 tibia,
1513 2290 1723 2329 versus.
2278 2272 2349 2324 25

315 2361 511 2432 Mopso
535 2361 692 2431 Nysa
713 2362 910 2417 datur:
953 2360 1086 2431 quid
1109 2377 1222 2415 non
1247 2376 1531 2429 speremus
1554 2359 1837 2414 amantes?

313 2448 622 2518 Iungentur
641 2450 754 2504 iam
779 2463 980 2518 grypes
1005 2448 1174 2517 equis,
1203 2461 1450 2515 aevoque
1474 2445 1727 2514 sequenti
1854 2455 1897 2585 s

303 2534 455 2597 ,Cum
481 2536 708 2591 canibus
729 2533 912 2589 timidi
937 2534 1166 2588 venient
1187 2532 1262 2587 ad
1283 2532 1487 2603 pocula
1508 2531 1777 2587 dammae.

383 2620 574 2692 Incipe
597 2620 899 2675 Maenalios
920 2636 1155 2689 mecum,
1179 2635 1304 2674 mea
1325 2618 1481 2686 tibia,
1502 2634 1711 2673 versus.

313 2708 521 2778 Mopse,
549 2724 722 2763 novas
747 2706 928 2761 incide
951 2706 1130 2761 faces:
1158 2705 1276 2760 ‚tibi
1297 2704 1520 2785 ducitur
1540 2720 1715 2795 prol-3
2278 2704 2351 2761 80

315 2783 537 2863 Sparge,
566 2789 777 2860 marite,
805 2808 1002 2847 nuces:
1042 2790 1148 2847 tibi
1171 2779 1379 2847 deserit
1400 2773 1679 2863 Hesperiis
1702 2773 1920 2847 ὂὲῡαῖιι.

382 2879 574 2949 Incipe
597 2878 897 2933 Maenalios
920 2895 1154 2947 mecum,
1179 2895 1308 2934 mea
1331 2880 1485 2949 tibia,
1514 2894 1719 2935 versus·

313 2966 363 3021 Ο
387 2967 557 3035 digno
581 2966 877 3021 coniuncta
897 2968 1038 3035 viro,
1067 2966 1200 3020 dum
1225 2966 1465 3035 despicis
1491 2967 1687 3034 omnis,

311 3054 568 3124 Dumque
591 3054 693 3109 tibi
717 3058 803 3108 est
827 3052 957 3108 odio
981 3069 1104 3108 mea
1125 3053 1312 3109 fistula
1333 3053 1576 3124 dumque
1600 3052 1844 3123 capellae

312 3140 710 3210 Hirsutumque
733 3140 1088 3211 supercilium
1109 3140 1487 3210 promissaque
1510 3140 1699 3209 barba,
2278 3138 2350 3191 35

313 3228 364 3282 N
370 3246 432 3283 ec
457 3244 649 3283 curare
672 3228 837 3281 deum
863 3227 1044 3283 credis
1065 3227 1325 3283 mortalia
1348 3228 1707 3298 quemquam!

383 3315 572 3384 Incipe
595 3313 898 3369 Maenalios
918 3330 1150 3383 mecum,
1177 3330 1304 3369 mea
1323 3315 1477 3383 tibia,
1505 3330 1715 3369 versus.

313 3398 581 3468 Saepibus
603 3400 660 3455 in
687 3400 894 3455 nostris
917 3414 1148 3469 parvam
1171 3404 1234 3455 te
1260 3398 1483 3455 roscida
1502 3398 1717 3455 mala—

313 3482 441 3537 Dux
465 3501 570 3552 ego
593 3490 776 3539 vester
800 3486 1140 3541 eram--vidi
1163 3502 1290 3541 cum
1315 3490 1494 3541 matre
1515 3485 1807 3556 legentem.
