2725 3892
1049 221 1322 273 VEBGILI
1370 222 1697 273 AENEIDOS
1740 221 1805 274 Π.

417 383 698 454 Aspicieti
735 389 1003 454 partoque
1027 384 1132 438 ibit
1155 383 1346 452 regina
1373 383 1669 452 triumphe,

415 472 870 541 Coniugiumque,
899 470 1247 540 domumque,
1274 475 1475 539 patres,
1502 475 1773 540 natosque
1794 469 2021 540 videbit,

413 557 646 612 Iliadum
671 558 836 612 turba
858 563 915 611 et
938 555 1198 624 Phrygiis
1222 557 1486 612 comitata
1506 557 1811 611 ministris?

414 643 695 699 Occiderit
717 644 871 698 ferro
895 643 1186 698 Priamus?
1259 641 1427 696 Troia
1450 643 1645 696 arserit
1668 642 1779 712 igni
1793 643 1819 697 Q

413 729 757 785 Dardanium
781 731 988 784 totiens
1012 729 1224 784 sudarit
1249 729 1515 796 sanguine
1538 729 1711 783 litus?

413 817 546 873 Non
569 818 664 872 ita.
739 815 992 886 Namque
1017 816 1120 870 etsi
1145 815 1356 870 nullum
1380 814 1736 870 memorabile
1762 831 1961 872 nomen

415 902 678 958 Feminea
699 903 756 956 in
781 917 962 973 poena
985 907 1071 956 est
1095 917 1199 956 nec
1223 901 1393 956 habet
1415 901 1653 955 victoria
1678 901 1911 971 laudem,

413 989 762 1046 Exstinxisse
785 990 944 1044 nefas
968 993 1154 1044 tamen
1179 993 1238 1042 et
1259 989 1557 1058 sumpsisse
1584 989 1849 1042 merentis

413 1076 705 1131 Laudabor
735 1091 955 1145 poenas,
985 1076 1341 1144 animumque
1365 1073 1614 1142 explesse
1636 1075 1849 1130 iuvabit

413 1161 640 1217 mtricis
661 1161 933 1230 flammae,
963 1171 1024 1216 et
1045 1162 1256 1216 cineres
1279 1147 1509 1214 sutiam
1530 1175 1797 1215 meorum.

413 1248 568 1304 Talia
593 1248 882 1316 iactabam‚
915 1252 972 1302 et
995 1245 1413 1302 furiata‘mente
1434 1246 1669 1314 ferebar,

415 1335 557 1390 Cum
581 1335 718 1390 mihi
743 1351 816 1404 se,
845 1351 958 1389 non
983 1339 1116 1389 ante
1139 1333 1312 1388 oculis
1335 1339 1452 1388 tam
1476 1333 1641 1402 clara,
1670 1334 1963 1390 videndam

415 1422 636 1478 Obtulit
661 1429 718 1476 et
741 1438 883 1491 pura
905 1437 1006 1492 per
1027 1426 1249 1476 noctem
1272 1419 1328 1473 in
1351 1419 1477 1474 luce
1500 1421 1721 1476 refulsit

415 1510 582 1566 Alma
602 1527 818 1581 parens,
845 1511 1100 1564 confessa
1121 1509 1298 1576 deam,
1327 1509 1611 1578 qualisque
1634 1507 1808 1562 videri

413 1597 702 1653 Caelicolis
725 1603 782 1650 et
807 1601 1016 1666 quanta
1038 1595 1190 1664 solet,
1219 1594 1525 1664 dextraque
1547 1593 1880 1664 prehensum

415 1683 722 1752 Continui&
749 1698 1019 1752 roseoque
1042 1682 1180 1736 haec
1201 1682 1429 1750 insuper
1450 1679 1664 1734 addidit
1684 1696 1815 1736 ore:

418 1773 452 1802 “
471 1771 632 1840 Nate,
662 1771 782 1840 quis
805 1771 1104 1824 indomitas
1129 1775 1315 1824 tantus
1339 1769 1499 1823 dolor
1524 1769 1731 1823 excitat
1751 1769 1899 1824 iras?

363 1879 381 1888 -
413 1858 558 1924 Quid
585 1859 758 1912 furis?
797 1863 893 1912 aut
917 1871 1155 1928 quonam
1179 1857 1354 1910 nostri
1380 1855 1483 1909 tibi
1506 1871 1641 1910 cura
1660 1855 1924 1910 reoessiti

414 1946 542 2002 Non
569 1948 722 2016 prius
748 1946 994 2016 aspicies,
1019 1945 1115 1998 ubi
1141 1943 1346 1997 fessum
1370 1948 1553 1997 aetate
1576 1949 1861 2011 parentem

411 2033 664 2104 Liqueris
691 2032 1014 2088 Anchisen?
1053 2036 1276 2100 superet
1297 2031 1611 2086 coniunxne
1636 2027 1859 2098 Creusa,

414 2125 795 2194 Ascaniusque
819 2123 994 2195 puer?
1032 2138 1172 2193 qnos
1193 2121 1375 2177 omnis
1396 2119 1637 2188 undique
1660 2116 1863 2172 Graiae

415 2213 637 2268 Circum
663 2216 851 2267 errant
877 2211 1034 2280 acies,
1063 2218 1134 2279 et,
1159 2211 1218 2264 ni
1245 2227 1369 2264 mea
1390 2224 1525 2263 cura
1546 2207 1782 2274 resistat,

414 2301 532 2354 Iam
555 2299 810 2355 flammae
835 2299 1065 2354 tulerint
1087 2299 1344 2352 inimicus
1368 2302 1427 2351 et
1448 2295 1693 2349 hauserit
1714 2291 1875 2348 ensis.

413 2385 544 2441 Non
570 2387 674 2442 tibi
697 2385 1026 2455 Tyndaridis
1049 2384 1222 2438 facies
1243 2384 1423 2437 invisa
1444 2382 1725 2436 Lacaenae

413 2473 750 2544 Culpatusve
771 2473 958 2540 Paris3
993 2471 1180 2524 divom
1203 2469 1571 2535 inclementia,
1599 2468 1803 2535 divom,

413 2561 530 2616 Has
556 2563 759 2617 evertit
781 2577 914 2629 opes
938 2559 1244 2626 sternitque
1268 2573 1303 2610 a
1325 2555 1563 2610 culmine
1586 2553 1823 2610 Troiam.

415 2649 930 2718 Aspice—namque
955 2659 1192 2712 omnem,
1221 2659 1362 2713 quae
1384 2657 1535 2696 nunc
1556 2640 1795 2696 obducta
1814 2639 1997 2696 tuenti

412 2734 665 2790 Mortalis
685 2733 914 2788 hebetat
939 2731 1088 2786 visus
1113 2730 1220 2784 tibi
1245 2735 1302 2784 et
1325 2728 1517 2783 umida
1540 2728 1749 2782 circum

413 2823 645 2890 caligat,
671 2822 875 2876 nubem
901 2819 1164 2889 eripiam3
1203 2823 1266 2873 tu
1291 2834 1361 2872 ne
1386 2833 1495 2887 qua
1516 2816 1763 2886 parentis

411 2907 568 2964 Iussa
587 2908 739 2972 time,
769 2923 876 2961 neu
901 2907 1212 2976 praeceptis
1235 2921 1431 2976 parere
1454 2919 1715 2959 recusa-

411 2995 532 3062 Hie,
559 2995 656 3048 ubi
681 2994 936 3048 disiectas
959 2993 1134 3048 moles
1157 2991 1457 3060 avulsaque
1478 2991 1623 3045 saxis

411 3081 557 3136 Saxa
579 3081 734 3134 vides
755 3080 1042 3150 mixtoque
1065 3079 1366 3134 undantem
1392 3077 1621 3146 pulvere
1644 3076 1873 3144 fumum,

411 3167 706 3237 Neptunus
727 3183 916 3221 muros
940 3181 1248 3235 magnoque
1273 3168 1459 3218 emota
1480 3162 1711 3217 tridenti

411 3253 794 3309 Fundamenta
817 3253 996 3322 quatit
1018 3258 1304 3320 totamque
1328 3267 1363 3304 a
1388 3249 1609 3303 sedibus
1630 3248 1825 3301 urbem

409 3339 587 3397 Eruit.
660 3339 769 3394 Hic
793 3339 934 3394 Iuno
957 3337 1154 3392 Scaeas
1165 3337 1493 3391 ‘saevissima
1514 3339 1707 3403 portas
1768 3395 1781 3406 ·

410 3425 600 3480 Prima
622 3431 792 3494 tenet,
823 3411 1140 3493 sociumque
1165 3425 1358 3476 furens
1383 3438 1417 3476 a
1438 3421 1671 3473 navibus
1696 3433 1894 3488 agmen

409 3512 582 3566 Ferro
606 3513 850 3567 accincta
873 3515 1051 3565 vocat.

2338 993 2448 1046 585

2336 1425 2446 1478 5⁰0

2336 1857 2445 1910 595

2334 2292 2445 2345 600

2336 2725 2443 2780 ⁶06

2336 3161 2444 3214 ⁶10
