2725 3892
983 203 1264 256 mem
1303 204 1637 256 Ammnos
1679 203 1743 256 V.

344 365 484 421 'ham
507 383 642 422 vero
665 366 874 422 exarsit
895 365 1082 420 iuveni
1108 365 1272 420 dolor
1293 366 1511 421 ossibus
1532 365 1743 435 ingens,

345 451 465 508 Nec
488 452 731 508 lacrimis
755 468 978 507 caruere
1002 467 1192 521 genae,
1219 467 1555 522 segnemque
1580 452 1893 522 Menoeten,

344 539 565 594 Oblitus
588 539 914 607 decorisque
939 539 1024 592 sui
1049 539 1374 609 sociumque
1398 537 1604 606 salutis,

342 625 409 680 In
433 642 586 681 mare
609 625 966 696 praecipitem
991 625 1160 695 puppi
1185 625 1449 680 deturbat
1470 626 1543 680 sb
1564 625 1707 694 slts;
2276 630 2378 687 1⁷5

342 713 468 782 Ipse
492 710 828 781 gubernaclo
851 717 1036 766 rector
1059 712 1222 780 subit,
1251 713 1373 782 ipse
1396 713 1673 782 magister,

341 797 720 868 Hortaturque
743 799 910 866 viros,
939 797 1264 869 clavumque
1287 797 1356 852 sd
1382 797 1551 854 litora
1572 805 1815 870 torquet.

341 887 424 942 At
447 886 647 955 gravis,
675 889 740 940 ut
761 883 934 939 fundo
967 885 1062 938 vix
1083 885 1308 940 tandem
1335 884 1587 940 redditus
1608 886 1725 940 imo
1746 892 1847 956 est,

340 974 460 1030 Iam
485 973 668 1027 senior
688 971 1016 1042 madidaque
1041 971 1216 1026 fluens
1239 973 1300 1026 in
1326 978 1497 1042 veste,
1522 973 1808 1030 Menoetes

341 1061 568 1117 Summe
590 1059 732 1128 petit
753 1058 962 1128 scopuli
985 1059 1236 1128 siccaque
1259 1060 1322 1113 in
1345 1076 1483 1130 rupe
1504 1061 1727 1116 resedit.
2278 1065 2373 1117 180

339 1147 504 1204 Illum
529 1150 588 1200 et
610 1145 890 1200 lebentem
913 1144 1108 1200 Teucri
1137 1156 1196 1199 et
1221 1146 1395 1200 risere
1416 1153 1718 1217 nutantem,

337 1235 414 1290 Et
437 1233 607 1289 salsos
630 1231 818 1287 rident
843 1240 1224 1290 revomentem
1254 1241 1481 1306 pectore
1502 1235 1717 1291 fluctus.

338 1323 446 1377 Hic
469 1321 616 1376 laets
637 1320 900 1374 extremis
923 1337 1046 1390 spes
1075 1327 1159 1376 est
1185 1337 1417 1378 accensa
1438 1323 1669 1392 duobus,

338 1411 592 1478 Sergesto
615 1408 1012 1480 Mnestheique,
1035 1411 1198 1478 Gyan
1221 1425 1483 1480 superare
1504 1416 1833 1466 morantem.

337 1497 626 1566 Sergestus
647 1499 796 1566 capit
819 1503 952 1552 ante
975 1498 1161 1553 locum
1189 1498 1525 1568 scopuloque
1542 1499 1896 1568 propinquat,
2272 1500 2373 1552 186

338 1584 459 1640 Nec
483 1590 605 1639 tots
625 1589 814 1639 tumen
835 1583 930 1638 ille
959 1586 1110 1654 prior
1137 1591 1441 1655 praeeunte
1466 1586 1683 1640 cerina:

335 1669 504 1725 Parte
528 1671 717 1740 prim-3
755 1675 970 1740 purtem
997 1677 1178 1726 rostro
1203 1672 1407 1740 premit
1430 1671 1647 1727 aemula
1670 1671 1885 1725 Pristis.

337 1759 419 1812 At
441 1757 623 1811 medis
645 1757 824 1812 socios
847 1757 1110 1812 incedens
1133 1773 1276 1813 nave
1302 1774 1405 1827 per
1424 1759 1577 1828 ipsos

337 1844 610 1898 Hortatur
632 1843 983 1900 Mnestheus:
1028 1847 1064 1874 ‘⁶
1081 1843 1262 1912 Nunc,
1289 1859 1441 1906 nunc
1466 1844 1733 1913 insurgite
1756 1845 1939 1909 remis,

334 1931 594 1986 Hectorei
619 1931 769 2001 socii,
798 1931 994 1986 Troiae
1021 1947 1160 2002 quos
1183 1935 1334 1986 sorte
1359 1947 1617 2002 suprema
2270 1935 2371 1988 190

335 2021 526 2093 Delegi
554 2023 814 2090 comites;
854 2035 1004 2075 nunc
1031 2019 1154 2074 illas
1177 2020 1423 2089 promite
1448 2019 1597 2086 viris,

336 2108 500 2164 Nunc
523 2109 748 2178 animos,
779 2109 978 2180 quibus
1001 2107 1062 2161 in
1088 2106 1340 2162 Gaetulis
1374 2105 1631 2174 Syrtibus
1651 2106 1737 2160 usi

334 2195 601 2267 Ionioque
625 2196 765 2252 mari
789 2194 1106 2264 Maleaeque
1140 2193 1466 2264 sequacibus
1488 2193 1667 2248 undis.

335 2281 467 2338 Non
489 2285 596 2338 ism
622 2284 802 2353 prima
826 2288 958 2352 peto
983 2281 1320 2351 Mnestheus,
1349 2291 1531 2350 neque
1558 2279 1781 2336 vincere
1804 2285 1959 2336 certo
1974 2297 2064 2348 3—

335 2367 679 2436 Quamquam
701 2384 736 2423 o
752 2368 953 2423 1-—Sed
973 2371 1250 2436 superent,
1274 2368 1471 2437 quibus
1484 2367 1607 2436 hoc,
1630 2367 1908 2436 Neptune,
1924 2366 2229 2431 dedisti3-
2266 2369 2367 2422 195

333 2453 628 2511 Extremos
652 2455 858 2525 pudeat
881 2455 1141 2524 rediisse3
1185 2455 1294 2510 hoc
1335 2455 1561 2522 vincite,
1588 2455 1755 2522 cives,

333 2539 408 2596 Et
430 2541 722 2611 prohibete
746 2541 958 2597 nefss.'’
1033 2541 1143 2596 Olli
1171 2543 1479 2596 certamine
1502 2557 1719 2598 summo

333 2625 742 2696 Pmcumbunt3
785 2629 954 2683 vastis
975 2628 1168 2684 tremit
1189 2628 1394 2684 ictibus
1416 2643 1577 2684 seres
1598 2629 1815 2698 puppis,

333 2712 798 2785 Subtrahiturque
822 2714 1000 2769 solum
1019 2731 1036 2782 ς
1075 2719 1198 2769 tum
1223 2714 1423 2769 creber
1444 2713 1721 2770 anhelitus
1742 2721 1897 2770 artus

335 2800 616 2871 Aridsque
640 2817 739 2856 ors
763 2801 974 2870 quatit3
1013 2800 1186 2856 sudor
1211 2800 1338 2856 fluit
1362 2801 1605 2871 undique
1626 2802 1778 2856 rivis.
2262 2805 2365 2858 200

339 2886 542 2941 Attulit
564 2887 682 2956 ipse
706 2887 840 2940 viris
866 2891 1120 2957 optatum
1143 2903 1302 2942 cesus
1325 2888 1625 2945 honorem:

333 2969 584 3042 Namque
607 2975 797 3027 furens
819 2974 990 3028 animi
1015 2973 1149 3028 dum
1173 2989 1400 3044 proram
1426 2975 1501 3030 sd
1524 2989 1657 3030 saxa
1682 2974 1943 3042 subm-get

333 3057 574 3113 Interior
597 3059 884 3129 spatioque
909 3061 1056 3114 subit
1081 3059 1373 3130 Sergestus
1396 3061 1601 3130 iniquo,

333 3141 534 3199 Infelix
559 3146 705 3201 saxis
729 3146 788 3199 in
812 3147 1268 3215 procurrentibus
1289 3148 1483 3202 haesit.

333 3233 642 3287 Concussae
667 3239 869 3302 cautes,
900 3239 958 3287 et
981 3239 1144 3289 acuto
1167 3235 1228 3288 in
1252 3235 1464 3289 murice
1488 3234 1625 3288 remi
2263 3235 2365 3288 205

331 3319 538 3376 Obnixi
561 3335 838 3388 crepuere,
865 3319 1132 3390 inlisaque
1154 3337 1324 3391 prore,
1343 3320 1623 3390 pependit.

332 3405 687 3476 Consurgunt
707 3412 912 3462 nautae
937 3412 996 3462 et
1017 3423 1220 3478 magno
1245 3410 1489 3465 clamore
1508 3411 1815 3474 morentur,

335 3493 696 3564 Fer-ratasque
719 3493 908 3548 trudes
932 3498 989 3549 et
1013 3500 1177 3550 acuta
1199 3495 1427 3564 cuspide
1460 3498 1657 3550 contos
