<?xml version="1.0" encoding="UTF-8"?>
<!DOCTYPE html PUBLIC "-//W3C//DTD XHTML 1.0 Transitional//EN"
    "http://www.w3.org/TR/xhtml1/DTD/xhtml1-transitional.dtd">
<html xmlns="http://www.w3.org/1999/xhtml" xml:lang="en" lang="en">
 <head>
  <title>
</title>
<meta http-equiv="Content-Type" content="text/html;charset=utf-8" />
  <meta name='ocr-system' content='tesseract 3.04.00' />
  <meta name='ocr-capabilities' content='ocr_page ocr_carea ocr_par ocr_line ocrx_word'/>
</head>
<body>
  <div class='ocr_page' id='page_1' title='image "arevisedtextpoe01virggoog_0244.png"; bbox 0 0 2725 3892; ppageno 0'>
   <div class='ocr_carea' id='block_1_1' title="bbox 976 201 1759 256">
    <p class='ocr_par' dir='ltr' id='par_1_1' title="bbox 976 201 1759 256">
     <span class='ocr_line' id='line_1_1' title="bbox 976 201 1759 256; baseline -0.004 -1"><span class='ocrx_word' id='word_1_1' title='bbox 976 205 1250 256; x_wconf 79' lang='lat' dir='ltr'>VERGILI</span> <span class='ocrx_word' id='word_1_2' title='bbox 1295 203 1627 254; x_wconf 77' lang='lat' dir='ltr'>AENEIDOS</span> <span class='ocrx_word' id='word_1_3' title='bbox 1674 201 1759 252; x_wconf 81' lang='lat' dir='ltr'>VI.</span> 
     </span>
    </p>
   </div>
   <div class='ocr_carea' id='block_1_2' title="bbox 311 363 2385 3581">
    <p class='ocr_par' dir='ltr' id='par_1_2' title="bbox 355 363 1685 436">
     <span class='ocr_line' id='line_1_2' title="bbox 355 363 1685 436; baseline -0.005 -12"><span class='ocrx_word' id='word_1_4' title='bbox 355 369 472 424; x_wconf 82' lang='lat' dir='ltr'>Hac</span> <span class='ocrx_word' id='word_1_5' title='bbox 495 369 604 423; x_wconf 89' lang='lat' dir='ltr'>iter</span> <span class='ocrx_word' id='word_1_6' title='bbox 627 368 878 436; x_wconf 79' lang='lat' dir='ltr'>Elysium</span> <span class='ocrx_word' id='word_1_7' title='bbox 903 368 1093 434; x_wconf 80' lang='lat' dir='ltr'>nobis3</span> <span class='ocrx_word' id='word_1_8' title='bbox 1135 372 1193 421; x_wconf 87' lang='lat' dir='ltr'>at</span> <span class='ocrx_word' id='word_1_9' title='bbox 1219 366 1377 422; x_wconf 76' lang='lat' dir='ltr'>laeva</span> <span class='ocrx_word' id='word_1_10' title='bbox 1409 363 1685 420; x_wconf 83' lang='lat' dir='ltr'>malorum</span> 
     </span>
    </p>

    <p class='ocr_par' dir='ltr' id='par_1_3' title="bbox 351 444 1728 524">
     <span class='ocr_line' id='line_1_3' title="bbox 351 444 1728 524; baseline -0.004 -15"><span class='ocrx_word' id='word_1_11' title='bbox 351 455 589 510; x_wconf 76' lang='lat' dir='ltr'><strong>Exercet</strong></span> <span class='ocrx_word' id='word_1_12' title='bbox 614 471 834 524; x_wconf 86' lang='lat' dir='ltr'>poenas,</span> <span class='ocrx_word' id='word_1_13' title='bbox 863 461 920 508; x_wconf 82' lang='lat' dir='ltr'>et</span> <span class='ocrx_word' id='word_1_14' title='bbox 945 444 1015 508; x_wconf 82' lang='lat' dir='ltr'>ad</span> <span class='ocrx_word' id='word_1_15' title='bbox 1040 453 1212 522; x_wconf 87' lang='lat' dir='ltr'>impia</span> <span class='ocrx_word' id='word_1_16' title='bbox 1237 453 1466 506; x_wconf 81' lang='lat' dir='ltr'>Tartara</span> <span class='ocrx_word' id='word_1_17' title='bbox 1494 449 1728 504; x_wconf 89' lang='lat' dir='ltr'>mittit.&#39;&#39;</span> 
     </span>
    </p>

    <p class='ocr_par' dir='ltr' id='par_1_4' title="bbox 351 535 1843 612">
     <span class='ocr_line' id='line_1_4' title="bbox 351 535 1843 612; baseline -0.004 -16"><span class='ocrx_word' id='word_1_18' title='bbox 351 541 672 612; x_wconf 81' lang='lat' dir='ltr'>Deiphobus</span> <span class='ocrx_word' id='word_1_19' title='bbox 697 546 926 595; x_wconf 85' lang='lat' dir='ltr'>contra:</span> <span class='ocrx_word' id='word_1_20' title='bbox 972 543 1006 570; x_wconf 80' lang='lat'>‘⁶</span> <span class='ocrx_word' id='word_1_21' title='bbox 1027 540 1080 593; x_wconf 87' lang='lat' dir='ltr'>N</span> <span class='ocrx_word' id='word_1_22' title='bbox 1083 557 1114 595; x_wconf 90' lang='lat' dir='ltr'>e</span> <span class='ocrx_word' id='word_1_23' title='bbox 1139 539 1306 606; x_wconf 81' lang='lat' dir='ltr'>saevi,</span> <span class='ocrx_word' id='word_1_24' title='bbox 1339 554 1539 606; x_wconf 79' lang='lat' dir='ltr'>magna</span> <span class='ocrx_word' id='word_1_25' title='bbox 1559 535 1843 602; x_wconf 79' lang='lat' dir='ltr'>sacerdos3</span> 
     </span>
    </p>

    <p class='ocr_par' dir='ltr' id='par_1_5' title="bbox 349 623 2385 698">
     <span class='ocr_line' id='line_1_5' title="bbox 349 623 2385 698; baseline -0.002 -16"><span class='ocrx_word' id='word_1_26' title='bbox 349 629 658 696; x_wconf 78' lang='lat' dir='ltr'>Discedam,</span> <span class='ocrx_word' id='word_1_27' title='bbox 688 627 922 698; x_wconf 81' lang='lat' dir='ltr'>explebo</span> <span class='ocrx_word' id='word_1_28' title='bbox 947 643 1256 694; x_wconf 88' lang='lat' dir='ltr'>numerum,</span> <span class='ocrx_word' id='word_1_29' title='bbox 1286 625 1591 693; x_wconf 86' lang='lat' dir='ltr'>reddarque</span> <span class='ocrx_word' id='word_1_30' title='bbox 1616 623 1873 678; x_wconf 87' lang='lat' dir='ltr'>tenebris.</span> <span class='ocrx_word' id='word_1_31' title='bbox 2282 627 2385 678; x_wconf 84' lang='grc'>545</span> 
     </span>
    </p>

    <p class='ocr_par' dir='ltr' id='par_1_6' title="bbox 349 709 1731 786">
     <span class='ocr_line' id='line_1_6' title="bbox 349 709 1731 786; baseline -0.006 -16"><span class='ocrx_word' id='word_1_32' title='bbox 349 715 376 770; x_wconf 92' lang='lat'>1</span> <span class='ocrx_word' id='word_1_33' title='bbox 401 717 584 786; x_wconf 86' lang='lat' dir='ltr'>decus,</span> <span class='ocrx_word' id='word_1_34' title='bbox 611 717 647 783; x_wconf 88' lang='lat' dir='ltr'>i,</span> <span class='ocrx_word' id='word_1_35' title='bbox 676 721 959 782; x_wconf 77' lang='lat' dir='ltr'>nostrum3</span> <span class='ocrx_word' id='word_1_36' title='bbox 1003 713 1324 767; x_wconf 87' lang='lat' dir='ltr'>melioribus</span> <span class='ocrx_word' id='word_1_37' title='bbox 1357 717 1517 764; x_wconf 75' lang='lat' dir='ltr'>utere</span> <span class='ocrx_word' id='word_1_38' title='bbox 1542 709 1731 764; x_wconf 72' lang='lat' dir='ltr'>tatis.”</span> 
     </span>
    </p>

    <p class='ocr_par' dir='ltr' id='par_1_7' title="bbox 349 797 1661 868">
     <span class='ocr_line' id='line_1_7' title="bbox 349 797 1661 868; baseline -0.006 -10"><span class='ocrx_word' id='word_1_39' title='bbox 349 803 828 868; x_wconf 75' lang='lat' dir='ltr'>Tantumeffatus,</span> <span class='ocrx_word' id='word_1_40' title='bbox 857 807 914 856; x_wconf 84' lang='lat' dir='ltr'>et</span> <span class='ocrx_word' id='word_1_41' title='bbox 937 800 997 854; x_wconf 87' lang='lat' dir='ltr'>in</span> <span class='ocrx_word' id='word_1_42' title='bbox 1023 801 1196 854; x_wconf 85' lang='lat' dir='ltr'>verbo</span> <span class='ocrx_word' id='word_1_43' title='bbox 1227 798 1459 868; x_wconf 76' lang='lat' dir='ltr'>vestigia</span> <span class='ocrx_word' id='word_1_44' title='bbox 1482 797 1661 866; x_wconf 76' lang='lat' dir='ltr'>torsit.</span> 
     </span>
    </p>

    <p class='ocr_par' dir='ltr' id='par_1_8' title="bbox 419 883 1795 960">
     <span class='ocr_line' id='line_1_8' title="bbox 419 883 1795 960; baseline -0.004 -16"><span class='ocrx_word' id='word_1_45' title='bbox 419 891 665 960; x_wconf 82' lang='lat' dir='ltr'>Respicit</span> <span class='ocrx_word' id='word_1_46' title='bbox 691 892 934 945; x_wconf 80' lang='lat' dir='ltr'>Aeneas:</span> <span class='ocrx_word' id='word_1_47' title='bbox 977 887 1157 944; x_wconf 86' lang='lat' dir='ltr'>subito</span> <span class='ocrx_word' id='word_1_48' title='bbox 1189 891 1246 940; x_wconf 87' lang='lat' dir='ltr'>et</span> <span class='ocrx_word' id='word_1_49' title='bbox 1275 885 1377 939; x_wconf 88' lang='lat' dir='ltr'>sub</span> <span class='ocrx_word' id='word_1_50' title='bbox 1410 899 1547 953; x_wconf 82' lang='lat' dir='ltr'>rupe</span> <span class='ocrx_word' id='word_1_51' title='bbox 1574 883 1795 938; x_wconf 86' lang='lat' dir='ltr'>sinistra</span> 
     </span>
    </p>

    <p class='ocr_par' dir='ltr' id='par_1_9' title="bbox 354 971 1690 1045">
     <span class='ocr_line' id='line_1_9' title="bbox 354 971 1690 1045; baseline -0.007 -13"><span class='ocrx_word' id='word_1_52' title='bbox 354 977 569 1032; x_wconf 81' lang='lat' dir='ltr'>Moenia</span> <span class='ocrx_word' id='word_1_53' title='bbox 591 977 706 1032; x_wconf 87' lang='lat' dir='ltr'>lata</span> <span class='ocrx_word' id='word_1_54' title='bbox 729 977 895 1045; x_wconf 83' lang='lat' dir='ltr'>videt,</span> <span class='ocrx_word' id='word_1_55' title='bbox 922 975 1127 1045; x_wconf 85' lang='lat' dir='ltr'>triplici</span> <span class='ocrx_word' id='word_1_56' title='bbox 1153 971 1493 1028; x_wconf 85' lang='lat' dir='ltr'>circumdata</span> <span class='ocrx_word' id='word_1_57' title='bbox 1518 987 1690 1038; x_wconf 87' lang='lat' dir='ltr'>muro,</span> 
     </span>
    </p>

    <p class='ocr_par' dir='ltr' id='par_1_10' title="bbox 347 1057 2385 1134">
     <span class='ocr_line' id='line_1_10' title="bbox 347 1057 2385 1134; baseline -0.004 -16"><span class='ocrx_word' id='word_1_58' title='bbox 347 1065 503 1130; x_wconf 84' lang='lat' dir='ltr'>Quae</span> <span class='ocrx_word' id='word_1_59' title='bbox 526 1065 751 1134; x_wconf 83' lang='lat' dir='ltr'>rapidus</span> <span class='ocrx_word' id='word_1_60' title='bbox 773 1064 1009 1119; x_wconf 82' lang='lat' dir='ltr'>flammis</span> <span class='ocrx_word' id='word_1_61' title='bbox 1035 1061 1210 1118; x_wconf 87' lang='lat' dir='ltr'>ambit</span> <span class='ocrx_word' id='word_1_62' title='bbox 1239 1057 1583 1120; x_wconf 81' lang='lat' dir='ltr'>torrentibus</span> <span class='ocrx_word' id='word_1_63' title='bbox 1607 1057 1799 1124; x_wconf 82' lang='lat' dir='ltr'>amnis,</span> <span class='ocrx_word' id='word_1_64' title='bbox 2280 1059 2385 1110; x_wconf 81' lang='lat'>550</span> 
     </span>
    </p>

    <p class='ocr_par' dir='ltr' id='par_1_11' title="bbox 345 1145 1850 1220">
     <span class='ocr_line' id='line_1_11' title="bbox 345 1145 1850 1220; baseline -0.004 -16"><span class='ocrx_word' id='word_1_65' title='bbox 345 1151 638 1206; x_wconf 59' lang='lat' dir='ltr'>Tartareus</span> <span class='ocrx_word' id='word_1_66' title='bbox 661 1151 1026 1220; x_wconf 79' lang='lat' dir='ltr'>Phlegethon,</span> <span class='ocrx_word' id='word_1_67' title='bbox 1055 1152 1387 1218; x_wconf 70' lang='lat' dir='ltr'>torquetque</span> <span class='ocrx_word' id='word_1_68' title='bbox 1422 1145 1678 1200; x_wconf 75' lang='lat' dir='ltr'>sonantia</span> <span class='ocrx_word' id='word_1_69' title='bbox 1700 1160 1850 1198; x_wconf 82' lang='lat' dir='ltr'>saxa.</span> 
     </span>
    </p>

    <p class='ocr_par' dir='ltr' id='par_1_12' title="bbox 345 1207 1994 1307">
     <span class='ocr_line' id='line_1_12' title="bbox 345 1207 1994 1307; baseline -0.003 -16"><span class='ocrx_word' id='word_1_70' title='bbox 345 1238 516 1293; x_wconf 89' lang='lat' dir='ltr'>Porta</span> <span class='ocrx_word' id='word_1_71' title='bbox 539 1238 783 1306; x_wconf 81' lang='lat' dir='ltr'>adversa,</span> <span class='ocrx_word' id='word_1_72' title='bbox 811 1239 1022 1307; x_wconf 80' lang='lat' dir='ltr'>ingens,</span> <span class='ocrx_word' id='word_1_73' title='bbox 1062 1233 1346 1306; x_wconf 82' lang='lat' dir='ltr'>solidoque</span> <span class='ocrx_word' id='word_1_74' title='bbox 1372 1207 1664 1302; x_wconf 47' lang='lat' dir='ltr'>adfflante</span> <span class='ocrx_word' id='word_1_75' title='bbox 1688 1223 1994 1299; x_wconf 74' lang='lat' dir='ltr'>columnae,</span> 
     </span>
    </p>

    <p class='ocr_par' dir='ltr' id='par_1_13' title="bbox 345 1317 1729 1398">
     <span class='ocr_line' id='line_1_13' title="bbox 345 1317 1729 1398; baseline -0.004 -20"><span class='ocrx_word' id='word_1_76' title='bbox 345 1323 451 1378; x_wconf 89' lang='lat' dir='ltr'>Vis</span> <span class='ocrx_word' id='word_1_77' title='bbox 475 1331 536 1390; x_wconf 81' lang='lat' dir='ltr'>ut</span> <span class='ocrx_word' id='word_1_78' title='bbox 557 1325 710 1379; x_wconf 87' lang='lat' dir='ltr'>nulla</span> <span class='ocrx_word' id='word_1_79' title='bbox 731 1326 930 1392; x_wconf 83' lang='lat' dir='ltr'>virum,</span> <span class='ocrx_word' id='word_1_80' title='bbox 953 1341 1072 1380; x_wconf 81' lang='lat' dir='ltr'>non</span> <span class='ocrx_word' id='word_1_81' title='bbox 1097 1324 1204 1393; x_wconf 87' lang='lat' dir='ltr'>ipsi</span> <span class='ocrx_word' id='word_1_82' title='bbox 1233 1321 1555 1398; x_wconf 78' lang='lat' dir='ltr'>exscindere</span> <span class='ocrx_word' id='word_1_83' title='bbox 1582 1317 1729 1372; x_wconf 91' lang='lat' dir='ltr'>bello</span> 
     </span>
    </p>

    <p class='ocr_par' dir='ltr' id='par_1_14' title="bbox 346 1405 1779 1479">
     <span class='ocr_line' id='line_1_14' title="bbox 346 1405 1779 1479; baseline -0.005 -15"><span class='ocrx_word' id='word_1_84' title='bbox 346 1411 652 1466; x_wconf 80' lang='lat' dir='ltr'>Caelicolae</span> <span class='ocrx_word' id='word_1_85' title='bbox 675 1412 924 1479; x_wconf 80' lang='lat' dir='ltr'>valeant3</span> <span class='ocrx_word' id='word_1_86' title='bbox 966 1417 1076 1465; x_wconf 88' lang='lat' dir='ltr'>stat</span> <span class='ocrx_word' id='word_1_87' title='bbox 1100 1412 1284 1464; x_wconf 80' lang='lat' dir='ltr'>ferrea</span> <span class='ocrx_word' id='word_1_88' title='bbox 1317 1408 1487 1462; x_wconf 85' lang='lat' dir='ltr'>turris</span> <span class='ocrx_word' id='word_1_89' title='bbox 1512 1405 1581 1461; x_wconf 89' lang='lat' dir='ltr'>ad</span> <span class='ocrx_word' id='word_1_90' title='bbox 1604 1421 1779 1479; x_wconf 69' lang='lat' dir='ltr'>auras,</span> 
     </span>
    </p>

    <p class='ocr_par' dir='ltr' id='par_1_15' title="bbox 311 1493 2383 1653">
     <span class='ocr_line' id='line_1_15' title="bbox 345 1493 2383 1568; baseline -0.003 -18"><span class='ocrx_word' id='word_1_91' title='bbox 345 1497 752 1568; x_wconf 81' lang='lat' dir='ltr'>Tisiphoneque</span> <span class='ocrx_word' id='word_1_92' title='bbox 775 1498 986 1562; x_wconf 87' lang='lat' dir='ltr'>sedens,</span> <span class='ocrx_word' id='word_1_93' title='bbox 1015 1497 1164 1567; x_wconf 85' lang='lat' dir='ltr'>paila</span> <span class='ocrx_word' id='word_1_94' title='bbox 1191 1497 1472 1550; x_wconf 85' lang='lat' dir='ltr'>succincta</span> <span class='ocrx_word' id='word_1_95' title='bbox 1501 1499 1746 1561; x_wconf 83' lang='lat' dir='ltr'>cruenta,</span> <span class='ocrx_word' id='word_1_96' title='bbox 2281 1493 2383 1544; x_wconf 88' lang='grc'>555</span> 
     </span>
     <span class='ocr_line' id='line_1_16' title="bbox 311 1583 1807 1653; baseline -0.002 -15"><span class='ocrx_word' id='word_1_97' title='bbox 311 1583 699 1653; x_wconf 53' lang='lat' dir='ltr'>,Vestibulum</span> <span class='ocrx_word' id='word_1_98' title='bbox 724 1587 1002 1639; x_wconf 79' lang='lat' dir='ltr'>exsomnis</span> <span class='ocrx_word' id='word_1_99' title='bbox 1027 1591 1214 1639; x_wconf 83' lang='lat' dir='ltr'>servat</span> <span class='ocrx_word' id='word_1_100' title='bbox 1243 1590 1544 1653; x_wconf 86' lang='lat' dir='ltr'>noctesque</span> <span class='ocrx_word' id='word_1_101' title='bbox 1568 1583 1807 1652; x_wconf 82' lang='lat' dir='ltr'>diesque.</span> 
     </span>
    </p>

    <p class='ocr_par' dir='ltr' id='par_1_16' title="bbox 335 1654 1536 1743">
     <span class='ocr_line' id='line_1_17' title="bbox 335 1654 1536 1743; baseline 0 -19"><span class='ocrx_word' id='word_1_102' title='bbox 335 1654 490 1725; x_wconf 69' lang='lat' dir='ltr'>&#39;Hinc</span> <span class='ocrx_word' id='word_1_103' title='bbox 514 1671 762 1743; x_wconf 77' lang='lat' dir='ltr'>exaudiri</span> <span class='ocrx_word' id='word_1_104' title='bbox 787 1671 1038 1740; x_wconf 77' lang='lat' dir='ltr'>gemitus,</span> <span class='ocrx_word' id='word_1_105' title='bbox 1071 1677 1126 1725; x_wconf 92' lang='lat' dir='ltr'>et</span> <span class='ocrx_word' id='word_1_106' title='bbox 1151 1687 1314 1726; x_wconf 85' lang='lat' dir='ltr'>saeva</span> <span class='ocrx_word' id='word_1_107' title='bbox 1338 1687 1536 1740; x_wconf 81' lang='lat' dir='ltr'>sonare</span> 
     </span>
    </p>

    <p class='ocr_par' dir='ltr' id='par_1_17' title="bbox 344 1757 1826 1827">
     <span class='ocr_line' id='line_1_18' title="bbox 344 1757 1826 1827; baseline -0.003 -15"><span class='ocrx_word' id='word_1_108' title='bbox 344 1757 624 1826; x_wconf 84' lang='lat' dir='ltr'>Verbera3</span> <span class='ocrx_word' id='word_1_109' title='bbox 663 1765 784 1813; x_wconf 89' lang='lat' dir='ltr'>tum</span> <span class='ocrx_word' id='word_1_110' title='bbox 809 1759 1015 1813; x_wconf 84' lang='lat' dir='ltr'>stridor</span> <span class='ocrx_word' id='word_1_111' title='bbox 1039 1759 1192 1827; x_wconf 85' lang='lat' dir='ltr'>ferri,</span> <span class='ocrx_word' id='word_1_112' title='bbox 1227 1763 1545 1826; x_wconf 84' lang='lat' dir='ltr'>tractaeque</span> <span class='ocrx_word' id='word_1_113' title='bbox 1572 1759 1826 1812; x_wconf 56' lang='lat' dir='ltr'>catenae„</span> 
     </span>
    </p>

    <p class='ocr_par' dir='ltr' id='par_1_18' title="bbox 345 1831 1783 1915">
     <span class='ocr_line' id='line_1_19' title="bbox 345 1831 1783 1915; baseline 0.001 -17"><span class='ocrx_word' id='word_1_114' title='bbox 345 1844 611 1899; x_wconf 82' lang='lat' dir='ltr'>Constitit</span> <span class='ocrx_word' id='word_1_115' title='bbox 635 1845 868 1912; x_wconf 81' lang='lat' dir='ltr'>Aeneas,</span> <span class='ocrx_word' id='word_1_116' title='bbox 897 1831 1238 1915; x_wconf 74' lang='lat' dir='ltr'>strepituque</span> <span class='ocrx_word' id='word_1_117' title='bbox 1267 1847 1565 1899; x_wconf 83' lang='lat' dir='ltr'>exterritus</span> <span class='ocrx_word' id='word_1_118' title='bbox 1589 1845 1783 1900; x_wconf 78' lang='lat' dir='ltr'>haesit.</span> 
     </span>
    </p>

    <p class='ocr_par' dir='ltr' id='par_1_19' title="bbox 347 1931 2384 2002">
     <span class='ocr_line' id='line_1_20' title="bbox 347 1931 2384 2002; baseline -0.001 -16"><span class='ocrx_word' id='word_1_119' title='bbox 347 1935 381 1962; x_wconf 78' lang='lat'>‘⁶</span> <span class='ocrx_word' id='word_1_120' title='bbox 399 1933 553 1998; x_wconf 84' lang='lat' dir='ltr'>Quae</span> <span class='ocrx_word' id='word_1_121' title='bbox 577 1931 846 1986; x_wconf 88' lang='lat' dir='ltr'>scelerum</span> <span class='ocrx_word' id='word_1_122' title='bbox 872 1933 1076 1987; x_wconf 67' lang='lat' dir='ltr'>facies?</span> <span class='ocrx_word' id='word_1_123' title='bbox 1113 1949 1148 1986; x_wconf 91' lang='lat' dir='ltr'>o</span> <span class='ocrx_word' id='word_1_124' title='bbox 1178 1934 1356 2002; x_wconf 78' lang='lat' dir='ltr'>virge,</span> <span class='ocrx_word' id='word_1_125' title='bbox 1390 1932 1591 2000; x_wconf 63' lang='grc' dir='ltr'>θῆαι-ος</span> <span class='ocrx_word' id='word_1_126' title='bbox 1637 1932 1903 2001; x_wconf 82' lang='lat' dir='ltr'>quibusve</span> <span class='ocrx_word' id='word_1_127' title='bbox 2279 1935 2384 1985; x_wconf 86' lang='grc'>560</span> 
     </span>
    </p>

    <p class='ocr_par' dir='ltr' id='par_1_20' title="bbox 349 2017 1881 2090">
     <span class='ocr_line' id='line_1_21' title="bbox 349 2017 1881 2090; baseline 0.001 -18"><span class='ocrx_word' id='word_1_128' title='bbox 349 2017 626 2088; x_wconf 84' lang='lat' dir='ltr'>Urgentur</span> <span class='ocrx_word' id='word_1_129' title='bbox 649 2021 880 2088; x_wconf 67' lang='lat' dir='ltr'>poenis?</span> <span class='ocrx_word' id='word_1_130' title='bbox 918 2021 1038 2089; x_wconf 86' lang='lat' dir='ltr'>quis</span> <span class='ocrx_word' id='word_1_131' title='bbox 1061 2025 1250 2074; x_wconf 85' lang='lat' dir='ltr'>tantus</span> <span class='ocrx_word' id='word_1_132' title='bbox 1282 2021 1518 2090; x_wconf 85' lang='lat' dir='ltr'>plangor</span> <span class='ocrx_word' id='word_1_133' title='bbox 1542 2020 1609 2074; x_wconf 86' lang='lat' dir='ltr'>ad</span> <span class='ocrx_word' id='word_1_134' title='bbox 1636 2021 1830 2075; x_wconf 69' lang='lat' dir='ltr'>auras?</span> <span class='ocrx_word' id='word_1_135' title='bbox 1847 2019 1881 2048; x_wconf 83' lang='lat'><strong>”</strong></span> 
     </span>
    </p>

    <p class='ocr_par' dir='ltr' id='par_1_21' title="bbox 343 2105 1885 2176">
     <span class='ocr_line' id='line_1_22' title="bbox 343 2105 1885 2176; baseline 0.003 -18"><span class='ocrx_word' id='word_1_136' title='bbox 343 2105 478 2158; x_wconf 88' lang='lat' dir='ltr'>Tum</span> <span class='ocrx_word' id='word_1_137' title='bbox 507 2112 664 2160; x_wconf 84' lang='lat' dir='ltr'>vates</span> <span class='ocrx_word' id='word_1_138' title='bbox 686 2107 764 2160; x_wconf 93' lang='lat' dir='ltr'>sic</span> <span class='ocrx_word' id='word_1_139' title='bbox 789 2122 913 2160; x_wconf 87' lang='lat' dir='ltr'>orsa</span> <span class='ocrx_word' id='word_1_140' title='bbox 936 2106 1114 2176; x_wconf 91' lang='lat' dir='ltr'>loqui:</span> <span class='ocrx_word' id='word_1_141' title='bbox 1151 2109 1186 2136; x_wconf 92' lang='grc'>“</span> <span class='ocrx_word' id='word_1_142' title='bbox 1205 2107 1334 2161; x_wconf 83' lang='lat' dir='ltr'>Dux</span> <span class='ocrx_word' id='word_1_143' title='bbox 1363 2109 1571 2163; x_wconf 86' lang='lat' dir='ltr'>inclute</span> <span class='ocrx_word' id='word_1_144' title='bbox 1600 2110 1885 2176; x_wconf 82' lang='lat' dir='ltr'>Teucrum,</span> 
     </span>
    </p>

    <p class='ocr_par' dir='ltr' id='par_1_22' title="bbox 345 2192 1637 2263">
     <span class='ocr_line' id='line_1_23' title="bbox 345 2192 1637 2263; baseline 0.004 -17"><span class='ocrx_word' id='word_1_145' title='bbox 345 2192 497 2246; x_wconf 84' lang='lat' dir='ltr'>Nulli</span> <span class='ocrx_word' id='word_1_146' title='bbox 524 2193 607 2247; x_wconf 84' lang='lat' dir='ltr'>fas</span> <span class='ocrx_word' id='word_1_147' title='bbox 631 2199 784 2247; x_wconf 84' lang='lat' dir='ltr'>casto</span> <span class='ocrx_word' id='word_1_148' title='bbox 809 2194 1135 2248; x_wconf 85' lang='lat' dir='ltr'>sceleratum</span> <span class='ocrx_word' id='word_1_149' title='bbox 1159 2195 1413 2250; x_wconf 86' lang='lat' dir='ltr'>insistere</span> <span class='ocrx_word' id='word_1_150' title='bbox 1436 2195 1603 2251; x_wconf 84' lang='lat' dir='ltr'>limen</span> <span class='ocrx_word' id='word_1_151' title='bbox 1624 2216 1637 2263; x_wconf 79' lang='grc' dir='ltr'><strong>ς</strong></span> 
     </span>
    </p>

    <p class='ocr_par' dir='ltr' id='par_1_23' title="bbox 345 2280 1691 2352">
     <span class='ocr_line' id='line_1_24' title="bbox 345 2280 1691 2352; baseline 0.004 -19"><span class='ocrx_word' id='word_1_152' title='bbox 345 2280 453 2334; x_wconf 86' lang='lat' dir='ltr'>Sed</span> <span class='ocrx_word' id='word_1_153' title='bbox 477 2297 568 2334; x_wconf 91' lang='lat' dir='ltr'>me</span> <span class='ocrx_word' id='word_1_154' title='bbox 591 2297 716 2334; x_wconf 88' lang='lat' dir='ltr'>cum</span> <span class='ocrx_word' id='word_1_155' title='bbox 739 2281 878 2335; x_wconf 88' lang='lat' dir='ltr'>lucis</span> <span class='ocrx_word' id='word_1_156' title='bbox 905 2280 1114 2336; x_wconf 88' lang='lat' dir='ltr'>Hecate</span> <span class='ocrx_word' id='word_1_157' title='bbox 1143 2284 1407 2351; x_wconf 80' lang='lat' dir='ltr'>praefecit</span> <span class='ocrx_word' id='word_1_158' title='bbox 1434 2285 1691 2352; x_wconf 72' lang='lat' dir='ltr'>AVot-nie,</span> 
     </span>
    </p>

    <p class='ocr_par' dir='ltr' id='par_1_24' title="bbox 343 2364 2382 2435">
     <span class='ocr_line' id='line_1_25' title="bbox 343 2364 2382 2435; baseline 0.002 -17"><span class='ocrx_word' id='word_1_159' title='bbox 343 2364 473 2433; x_wconf 88' lang='lat' dir='ltr'>Ipsa</span> <span class='ocrx_word' id='word_1_160' title='bbox 495 2365 659 2418; x_wconf 84' lang='lat' dir='ltr'>deum</span> <span class='ocrx_word' id='word_1_161' title='bbox 686 2381 890 2434; x_wconf 83' lang='lat' dir='ltr'>poenas</span> <span class='ocrx_word' id='word_1_162' title='bbox 911 2365 1117 2434; x_wconf 82' lang='lat' dir='ltr'>docuit,</span> <span class='ocrx_word' id='word_1_163' title='bbox 1154 2383 1361 2435; x_wconf 84' lang='lat' dir='ltr'>perque</span> <span class='ocrx_word' id='word_1_164' title='bbox 1388 2370 1575 2422; x_wconf 87' lang='lat' dir='ltr'>omnia</span> <span class='ocrx_word' id='word_1_165' title='bbox 1598 2369 1772 2422; x_wconf 84' lang='lat' dir='ltr'>duxit.</span> <span class='ocrx_word' id='word_1_166' title='bbox 2279 2371 2382 2422; x_wconf 83' lang='grc'>565</span> 
     </span>
    </p>

    <p class='ocr_par' dir='ltr' id='par_1_25' title="bbox 345 2451 1965 2531">
     <span class='ocr_line' id='line_1_26' title="bbox 345 2451 1965 2531; baseline 0.007 -25"><span class='ocrx_word' id='word_1_167' title='bbox 345 2451 578 2506; x_wconf 87' lang='lat' dir='ltr'>Cnosius</span> <span class='ocrx_word' id='word_1_168' title='bbox 602 2452 738 2507; x_wconf 90' lang='lat' dir='ltr'>haec</span> <span class='ocrx_word' id='word_1_169' title='bbox 765 2452 1219 2508; x_wconf 85' lang='lat' dir='ltr'>Rhadamanthus</span> <span class='ocrx_word' id='word_1_170' title='bbox 1251 2456 1436 2524; x_wconf 88' lang='lat' dir='ltr'>habet,</span> <span class='ocrx_word' id='word_1_171' title='bbox 1465 2459 1758 2516; x_wconf 82' lang='lat' dir='ltr'>durissima</span> <span class='ocrx_word' id='word_1_172' title='bbox 1782 2477 1965 2531; x_wconf 82' lang='lat' dir='ltr'>regna,</span> 
     </span>
    </p>

    <p class='ocr_par' dir='ltr' id='par_1_26' title="bbox 345 2531 1743 2618">
     <span class='ocr_line' id='line_1_27' title="bbox 345 2531 1743 2618; baseline 0.007 -25"><span class='ocrx_word' id='word_1_173' title='bbox 345 2531 699 2614; x_wconf 71' lang='lat' dir='ltr'>Castigatque</span> <span class='ocrx_word' id='word_1_174' title='bbox 725 2539 984 2608; x_wconf 86' lang='lat' dir='ltr'>auditque</span> <span class='ocrx_word' id='word_1_175' title='bbox 1008 2540 1178 2608; x_wconf 85' lang='lat' dir='ltr'>dolos,</span> <span class='ocrx_word' id='word_1_176' title='bbox 1219 2543 1536 2614; x_wconf 86' lang='lat' dir='ltr'>subigitque</span> <span class='ocrx_word' id='word_1_177' title='bbox 1562 2548 1743 2618; x_wconf 81' lang='lat' dir='ltr'>fateri,</span> 
     </span>
    </p>

    <p class='ocr_par' dir='ltr' id='par_1_27' title="bbox 343 2626 1723 2702">
     <span class='ocr_line' id='line_1_28' title="bbox 343 2626 1723 2702; baseline 0.007 -22"><span class='ocrx_word' id='word_1_178' title='bbox 343 2627 500 2693; x_wconf 83' lang='lat' dir='ltr'>Quae</span> <span class='ocrx_word' id='word_1_179' title='bbox 524 2628 646 2696; x_wconf 86' lang='lat' dir='ltr'>quis</span> <span class='ocrx_word' id='word_1_180' title='bbox 669 2626 815 2695; x_wconf 83' lang='lat' dir='ltr'>apud</span> <span class='ocrx_word' id='word_1_181' title='bbox 839 2643 1079 2694; x_wconf 81' lang='lat' dir='ltr'>superos,</span> <span class='ocrx_word' id='word_1_182' title='bbox 1115 2627 1268 2682; x_wconf 83' lang='lat' dir='ltr'>furto</span> <span class='ocrx_word' id='word_1_183' title='bbox 1294 2629 1530 2686; x_wconf 84' lang='lat' dir='ltr'>laetatus</span> <span class='ocrx_word' id='word_1_184' title='bbox 1556 2635 1723 2702; x_wconf 86' lang='lat' dir='ltr'>inani,</span> 
     </span>
    </p>

    <p class='ocr_par' dir='ltr' id='par_1_28' title="bbox 345 2713 1703 2784">
     <span class='ocr_line' id='line_1_29' title="bbox 345 2713 1703 2784; baseline 0.01 -18"><span class='ocrx_word' id='word_1_185' title='bbox 345 2713 576 2767; x_wconf 88' lang='lat' dir='ltr'>Distulit</span> <span class='ocrx_word' id='word_1_186' title='bbox 601 2715 658 2766; x_wconf 91' lang='lat' dir='ltr'>in</span> <span class='ocrx_word' id='word_1_187' title='bbox 683 2729 858 2766; x_wconf 88' lang='lat' dir='ltr'>seram</span> <span class='ocrx_word' id='word_1_188' title='bbox 885 2714 1174 2768; x_wconf 87' lang='lat' dir='ltr'>commissa</span> <span class='ocrx_word' id='word_1_189' title='bbox 1207 2715 1426 2784; x_wconf 87' lang='lat' dir='ltr'>piacula</span> <span class='ocrx_word' id='word_1_190' title='bbox 1450 2729 1703 2778; x_wconf 84' lang='lat' dir='ltr'>mortem.</span> 
     </span>
    </p>

    <p class='ocr_par' dir='ltr' id='par_1_29' title="bbox 344 2799 2383 2876">
     <span class='ocr_line' id='line_1_30' title="bbox 344 2799 2383 2876; baseline 0.004 -22"><span class='ocrx_word' id='word_1_191' title='bbox 344 2799 626 2854; x_wconf 82' lang='lat' dir='ltr'>Continuo</span> <span class='ocrx_word' id='word_1_192' title='bbox 651 2800 826 2853; x_wconf 85' lang='lat' dir='ltr'>sontis</span> <span class='ocrx_word' id='word_1_193' title='bbox 849 2799 1018 2854; x_wconf 81' lang='lat' dir='ltr'>ultrix</span> <span class='ocrx_word' id='word_1_194' title='bbox 1049 2801 1296 2856; x_wconf 80' lang='lat' dir='ltr'>accincta</span> <span class='ocrx_word' id='word_1_195' title='bbox 1321 2803 1537 2876; x_wconf 81' lang='lat' dir='ltr'>flagello</span> <span class='ocrx_word' id='word_1_196' title='bbox 2279 2811 2383 2868; x_wconf 74' lang='lat'>5⁹70</span> 
     </span>
    </p>

    <p class='ocr_par' dir='ltr' id='par_1_30' title="bbox 343 2887 1748 2968">
     <span class='ocr_line' id='line_1_31' title="bbox 343 2887 1748 2968; baseline 0.011 -29"><span class='ocrx_word' id='word_1_197' title='bbox 343 2887 639 2955; x_wconf 88' lang='lat' dir='ltr'>Tisiphone</span> <span class='ocrx_word' id='word_1_198' title='bbox 664 2887 845 2957; x_wconf 83' lang='lat' dir='ltr'>quatit</span> <span class='ocrx_word' id='word_1_199' title='bbox 867 2889 1154 2963; x_wconf 81' lang='lat' dir='ltr'>insultans,</span> <span class='ocrx_word' id='word_1_200' title='bbox 1193 2902 1495 2968; x_wconf 86' lang='lat' dir='ltr'>torvosque</span> <span class='ocrx_word' id='word_1_201' title='bbox 1528 2900 1748 2955; x_wconf 84' lang='lat' dir='ltr'>sinistra</span> 
     </span>
    </p>

    <p class='ocr_par' dir='ltr' id='par_1_31' title="bbox 345 2973 1775 3050">
     <span class='ocr_line' id='line_1_32' title="bbox 345 2973 1775 3050; baseline 0.011 -24"><span class='ocrx_word' id='word_1_202' title='bbox 345 2973 635 3028; x_wconf 83' lang='lat' dir='ltr'>Intentaus</span> <span class='ocrx_word' id='word_1_203' title='bbox 661 2975 853 3042; x_wconf 81' lang='lat' dir='ltr'>anguis</span> <span class='ocrx_word' id='word_1_204' title='bbox 879 2985 1044 3033; x_wconf 79' lang='lat' dir='ltr'>vocat</span> <span class='ocrx_word' id='word_1_205' title='bbox 1075 2985 1295 3050; x_wconf 82' lang='lat' dir='ltr'>agmina</span> <span class='ocrx_word' id='word_1_206' title='bbox 1321 3001 1485 3040; x_wconf 77' lang='lat' dir='ltr'>saeva</span> <span class='ocrx_word' id='word_1_207' title='bbox 1509 3003 1775 3042; x_wconf 82' lang='lat' dir='ltr'>sororum.</span> 
     </span>
    </p>

    <p class='ocr_par' dir='ltr' id='par_1_32' title="bbox 343 3061 1831 3131">
     <span class='ocr_line' id='line_1_33' title="bbox 343 3061 1831 3131; baseline 0.011 -17"><span class='ocrx_word' id='word_1_208' title='bbox 343 3061 482 3114; x_wconf 90' lang='lat' dir='ltr'>Tum</span> <span class='ocrx_word' id='word_1_209' title='bbox 508 3061 727 3114; x_wconf 88' lang='lat' dir='ltr'>demum</span> <span class='ocrx_word' id='word_1_210' title='bbox 747 3063 1041 3121; x_wconf 84' lang='lat' dir='ltr'>horrisono</span> <span class='ocrx_word' id='word_1_211' title='bbox 1076 3071 1373 3127; x_wconf 84' lang='lat' dir='ltr'>stridentes</span> <span class='ocrx_word' id='word_1_212' title='bbox 1396 3075 1619 3129; x_wconf 79' lang='lat' dir='ltr'>cardine</span> <span class='ocrx_word' id='word_1_213' title='bbox 1645 3093 1831 3131; x_wconf 82' lang='lat' dir='ltr'>sacrae</span> 
     </span>
    </p>

    <p class='ocr_par' dir='ltr' id='par_1_33' title="bbox 344 3146 1671 3231">
     <span class='ocr_line' id='line_1_34' title="bbox 344 3146 1671 3231; baseline 0.013 -31"><span class='ocrx_word' id='word_1_214' title='bbox 344 3146 669 3201; x_wconf 86' lang='lat' dir='ltr'>Panduntur</span> <span class='ocrx_word' id='word_1_215' title='bbox 693 3155 904 3218; x_wconf 83' lang='lat' dir='ltr'>portae.</span> <span class='ocrx_word' id='word_1_216' title='bbox 983 3153 1194 3225; x_wconf 85' lang='lat' dir='ltr'>Cernis,</span> <span class='ocrx_word' id='word_1_217' title='bbox 1223 3160 1472 3215; x_wconf 85' lang='lat' dir='ltr'>custodia</span> <span class='ocrx_word' id='word_1_218' title='bbox 1496 3161 1671 3231; x_wconf 82' lang='lat' dir='ltr'>qualis</span> 
     </span>
    </p>

    <p class='ocr_par' dir='ltr' id='par_1_34' title="bbox 345 3233 2380 3313">
     <span class='ocr_line' id='line_1_35' title="bbox 345 3233 2380 3313; baseline 0.008 -26"><span class='ocrx_word' id='word_1_219' title='bbox 345 3233 638 3290; x_wconf 85' lang='lat' dir='ltr'>Vestibulo</span> <span class='ocrx_word' id='word_1_220' title='bbox 665 3239 892 3294; x_wconf 67' lang='lat' dir='ltr'>sedeat?</span> <span class='ocrx_word' id='word_1_221' title='bbox 931 3241 1105 3295; x_wconf 71' lang='lat' dir='ltr'>lacios</span> <span class='ocrx_word' id='word_1_222' title='bbox 1131 3261 1271 3313; x_wconf 89' lang='lat' dir='ltr'>quae</span> <span class='ocrx_word' id='word_1_223' title='bbox 1299 3245 1493 3302; x_wconf 87' lang='lat' dir='ltr'>limina</span> <span class='ocrx_word' id='word_1_224' title='bbox 1518 3249 1738 3305; x_wconf 59' lang='lat' dir='ltr'>scri-eti</span> <span class='ocrx_word' id='word_1_225' title='bbox 2278 3251 2380 3306; x_wconf 82' lang='grc'>575</span> 
     </span>
    </p>

    <p class='ocr_par' dir='ltr' id='par_1_35' title="bbox 345 3321 1683 3402">
     <span class='ocr_line' id='line_1_36' title="bbox 345 3321 1683 3402; baseline 0.013 -29"><span class='ocrx_word' id='word_1_226' title='bbox 345 3321 760 3394; x_wconf 81' lang='lat' dir='ltr'>Quinquaginta</span> <span class='ocrx_word' id='word_1_227' title='bbox 785 3327 920 3380; x_wconf 86' lang='lat' dir='ltr'>atris</span> <span class='ocrx_word' id='word_1_228' title='bbox 943 3328 1199 3384; x_wconf 87' lang='lat' dir='ltr'>immanis</span> <span class='ocrx_word' id='word_1_229' title='bbox 1221 3331 1463 3388; x_wconf 77' lang='lat' dir='ltr'>hiatibus</span> <span class='ocrx_word' id='word_1_230' title='bbox 1488 3334 1683 3402; x_wconf 87' lang='lat' dir='ltr'>Hydra</span> 
     </span>
    </p>

    <p class='ocr_par' dir='ltr' id='par_1_36' title="bbox 345 3407 1819 3494">
     <span class='ocr_line' id='line_1_37' title="bbox 345 3407 1819 3494; baseline 0.011 -33"><span class='ocrx_word' id='word_1_231' title='bbox 345 3407 573 3464; x_wconf 82' lang='lat' dir='ltr'>Saevior</span> <span class='ocrx_word' id='word_1_232' title='bbox 597 3411 746 3466; x_wconf 88' lang='lat' dir='ltr'>intus</span> <span class='ocrx_word' id='word_1_233' title='bbox 771 3413 940 3469; x_wconf 88' lang='lat' dir='ltr'>habet</span> <span class='ocrx_word' id='word_1_234' title='bbox 963 3416 1165 3473; x_wconf 87' lang='lat' dir='ltr'>sedem.</span> <span class='ocrx_word' id='word_1_235' title='bbox 1245 3418 1384 3474; x_wconf 84' lang='lat' dir='ltr'>Turn</span> <span class='ocrx_word' id='word_1_236' title='bbox 1412 3417 1676 3478; x_wconf 83' lang='lat' dir='ltr'>Tartarus</span> <span class='ocrx_word' id='word_1_237' title='bbox 1700 3424 1819 3494; x_wconf 85' lang='lat' dir='ltr'>ipse</span> 
     </span>
    </p>

    <p class='ocr_par' dir='ltr' id='par_1_37' title="bbox 347 3493 1938 3581">
     <span class='ocr_line' id='line_1_38' title="bbox 347 3493 1938 3581; baseline 0.013 -34"><span class='ocrx_word' id='word_1_238' title='bbox 347 3493 441 3548; x_wconf 88' lang='lat' dir='ltr'>Bis</span> <span class='ocrx_word' id='word_1_239' title='bbox 465 3501 620 3564; x_wconf 86' lang='lat' dir='ltr'>patet</span> <span class='ocrx_word' id='word_1_240' title='bbox 645 3500 702 3552; x_wconf 89' lang='lat' dir='ltr'>in</span> <span class='ocrx_word' id='word_1_241' title='bbox 727 3515 991 3572; x_wconf 85' lang='lat' dir='ltr'>praeceps</span> <span class='ocrx_word' id='word_1_242' title='bbox 1015 3509 1230 3560; x_wconf 82' lang='lat' dir='ltr'>tantum</span> <span class='ocrx_word' id='word_1_243' title='bbox 1257 3507 1546 3581; x_wconf 85' lang='lat' dir='ltr'>tenditque</span> <span class='ocrx_word' id='word_1_244' title='bbox 1572 3510 1673 3566; x_wconf 90' lang='lat' dir='ltr'>sub</span> <span class='ocrx_word' id='word_1_245' title='bbox 1698 3510 1938 3581; x_wconf 79' lang='lat' dir='ltr'>umbras,</span> 
     </span>
    </p>
   </div>
  </div>
 </body>
</html>
