2725 3892
974 200 1248 250 VERGILI
1293 200 1623 250 AENEIDOS
1666 200 1805 251 VIII.

369 360 492 415 Hoc
515 361 660 415 acies
685 376 896 429 camp0,
925 360 1148 415 monitis
1175 360 1445 415 exterrita
1468 360 1673 415 divom.

368 446 494 516 Ipse
519 452 769 501 oratores
791 446 862 501 ad
886 464 974 501 me
1001 443 1262 517 regnique
1288 463 1553 501 coronam

369 534 510 588 Cum
537 538 756 602 sceptro
780 533 931 587 misit
955 533 1286 603 mandatque
1310 531 1547 603 insignia
1570 533 1837 602 Tarchon,

369 620 670 675 Succedam
694 620 902 689 castris,
929 619 1322 689 Tyrrhenaque
1347 620 1521 688 regna
1544 636 1837 689 capessam.

369 706 478 763 Sed
503 707 640 760 mihi
665 706 824 761 tarda
846 706 975 775 gelu
1000 707 1298 776 saeclisque
1327 707 1493 762 effeta
1516 712 1771 774 senectus

370 794 588 848 Invidet
612 793 902 861 imperium
927 808 1190 861 seraeque
1213 792 1280 847 ad
1308 794 1474 847 fortia
1498 794 1660 849 vires.

370 880 422 933 N
427 887 579 935 atum
605 880 943 961 exhortarer,
973 880 1032 933 ni
1056 880 1264 933 mixtus
1287 884 1467 933 matre
1492 880 1711 936 Sabella

371 966 517 1020 Hinc
541 972 757 1037 partem
781 966 993 1035 patriae
1019 966 1282 1021 traheret.
1365 965 1464 1034 Tu,
1492 968 1649 1021 cuius
1672 974 1727 1023 et
1752 970 1913 1023 annis

369 1052 442 1107 Et-
465 1054 655 1123 generi
678 1052 792 1107 fata
816 1052 1120 1123 indulgent,
1147 1069 1310 1122 quem
1333 1056 1567 1109 numina
1587 1068 1837 1129 poscunt,

369 1139 681 1209 Ingredere,
710 1157 745 1192 o
769 1138 1038 1193 Teucrum
1063 1144 1229 1209 atque
1253 1140 1457 1194 Italum
1482 1130 1777 1197 fortissime
1801 1143 2014 1197 ductor.

371 1226 535 1280 Hunc
559 1217 659 1279 tibi
683 1230 982 1295 praeterea,
1016 1242 1142 1296 spes
1165 1233 1224 1281 et
1247 1229 1441 1283 solatia
1464 1230 1655 1299 nostri,

369 1312 626 1367 Pallanta
648 1310 974 1381 adiungam,
961 1330 974 1343 ·
1011 1315 1116 1367 sub
1151 1320 1208 1369 te
1237 1316 1475 1371 tolerare
1499 1317 1765 1386 magistro

371 1399 628 1453 Militiam
652 1404 708 1451 et
732 1416 900 1468 grave
924 1399 1118 1454 Martis
1147 1418 1298 1473 opuS,
1329 1410 1429 1457 tua
1450 1420 1673 1459 cernere
1696 1406 1845 1459 facta

372 1486 694 1553 Adsuescat‚
721 1486 914 1554 primis
941 1493 997 1541 et
1021 1493 1076 1543 te
1101 1489 1334 1543 miretur
1357 1492 1427 1546 ab
1452 1492 1625 1545 annis.

371 1572 620 1629 Arcadas
643 1570 774 1627 huic
798 1575 1011 1643 equites
1034 1575 1120 1629 bis
1144 1582 1385 1647 centum,
1411 1552 1665 1632 robor?
1638 1578 1798 1646 pubis

373 1662 555 1733 Lecta,
583 1663 744 1733 debe,
771 1662 1114 1746 totidemque
1137 1681 1235 1720 suo
1260 1666 1362 1719 tibi
1386 1660 1613 1719 nomine
1636 1652 1872 1719 Pallas.”

441 1750 556 1803 Vix
579 1767 648 1805 ea
670 1751 819 1805 fatus
843 1755 990 1804 erat:
1031 1750 1304 1821 defixique
1327 1768 1426 1807 ora
1450 1753 1717 1814 tenebant

371 1840 592 1895 Aeneas
617 1826 984 1923 Anchislades
1007 1844 1064 1893 et
1088 1822 1230 1893 fidus
1256 1838 1530 1897 Achates·
1516 1880 1530 1907 ,

373 1927 654 1997 Multaque
679 1928 817 1981 dura
839 1942 943 1980 suo
965 1926 1112 1979 tristi
1137 1942 1260 1979 cum
1289 1926 1455 1981 corde
1472 1926 1767 1994 putabant,

373 2011 450 2065 Ni
471 2011 688 2081 signum
713 2010 1173 2081 caeIOqutberea
1201 2009 1442 2063 dedisset
1466 2015 1674 2077 aperte.

373 2100 626 2171 Namque
650 2102 948 2171 improviso
973 2100 1224 2153 vibratus
1249 2096 1318 2150 ab
1346 2095 1569 2151 aethere
1593 2096 1774 2164 fulgor

375 2187 516 2241 Cum
541 2188 726 2243 sonitu
751 2187 918 2257 venit,
949 2191 1006 2241 et
1032 2201 1192 2239 ruere
1217 2182 1407 2237 omnia
1430 2182 1549 2235 visa
1572 2188 1813 2251 repente,

373 2273 796 2345 Tyrrhenusque
818 2274 984 2328 tubae
1008 2268 1224 2340 mu'gire
1247 2286 1348 2337 per
1373 2268 1599 2323 aethera
1614 2268 1863 2337 clangor.

375 2359 724 2430 Suspiciunt,
710 2379 724 2393 ·
765 2363 966 2415 iterum
994 2364 1160 2429 atque
1183 2358 1383 2411 iterum
1410 2355 1597 2424 fragor
1618 2356 1869 2425 increpat
1890 2356 2104 2425 ingens.

375 2447 546 2501 Arma
569 2448 718 2501 inter
741 2448 945 2503 nubem
975 2445 1152 2501 caeli‘
1137 2462 1194 2499 m
1225 2445 1451 2513 regione
1475 2459 1669 2497 serena

374 2532 482 2587 Per
506 2535 704 2589 sudum
727 2534 958 2590 rutilare
979 2534 1178 2589 vident
1205 2537 1264 2585 et
1287 2530 1445 2600 pulsa
1466 2534 1677 2585 tonare.

375 2619 702 2690 Obstipuere
726 2622 926 2676 animis
950 2622 1072 2685 alii;
1111 2622 1209 2676 sed
1230 2621 1425 2677 Troius
1447 2600 1613 2674 heros

373 2706 622 2776 Agnovit
645 2708 888 2763 sonitum
915 2715 972 2763 et
995 2708 1158 2763 divae
1181 2709 1453 2777 promissa
1474 2706 1735 2775 parentis.

373 2792 512 2849 Tum
537 2801 840 2850 memorat:
874 2798 907 2847 ⁶.
924 2795 1013 2850 Ne
1036 2812 1188 2863 vero,
1215 2794 1433 2865 hospes,
1460 2810 1531 2849 ne
1558 2807 1759 2861 quaere
1782 2790 2051 2860 profecto,

374 2880 552 2946 Quem
577 2898 762 2935 casum
787 2886 1048 2951 portenta
1073 2882 1284 2937 ferant:
1325 2898 1431 2949 ego
1455 2894 1653 2949 poscor
1678 2876 1941 2946 Olympo.

373 2966 494 3022 Hoc
520 2970 736 3036 signum
763 2968 964 3023 cecinit
987 2969 1270 3021 missuram
1297 2967 1430 3021 diva
1454 2966 1711 3034 creatrix,

375 3053 434 3106 Si
457 3054 664 3109 bellum
689 3056 988 3122 ingrueret,
1019 3052 1399 3153 Volcaniaque
1424 3068 1577 3107 arma
1602 3069 1702 3122 per
1728 3066 1889 3106 auras

375 3140 634 3194 Laturam
660 3140 884 3195 auxilio.

375 3225 498 3278 Heu
525 3232 762 3295 quantae
786 3227 1004 3279 miseris
1029 3225 1226 3279 caedes
1249 3225 1619 3280 Laurentibus
1644 3224 1890 3279 instant?

373 3311 526 3376 Quas
549 3327 754 3380 poenas
777 3311 932 3381 mihi,
959 3310 1158 3377 Turne,
1186 3311 1370 3365 dabis!
1415 3327 1579 3380 quam
1604 3310 1783 3363 multa
1804 3310 1905 3363 sub
1933 3309 2109 3363 undas

375 3397 546 3452 Scuta
567 3399 748 3451 virum
773 3397 1062 3465 galeasque
1086 3404 1142 3451 et
1166 3398 1335 3452 fortia
1359 3412 1597 3465 corpora
1624 3394 1831 3462 volves,

375 3482 586 3552 Thybri
611 3484 798 3553 paterl
874 3482 1114 3537 Poscant
1137 3484 1297 3550 acies,
1326 3488 1383 3537 et
1408 3482 1637 3535 foedera
1659 3480 1948 3548 rumpantl
1969 3478 2003 3505 ”

2298 450 2402 503 505

2296 884 2401 935 510

2296 1318 2399 1371 515

2296 1753 2401 1805 1520

2298 2185 2401 2237 525

2297 2619 2401 2670 530

2300 3051 2403 3105 585

2310 3476 2415 3527 540
