2725 3892
991 170 1269 225 vntum
1311 168 1642 221 Ammmos
1685 170 1800 221 ΧΗ.

293 324 480 430 βῚῙὶε
504 335 659 391 aliud
684 335 858 389 maius
882 333 1118 389 Iuturna
1140 332 1406 400 adiungit,
1437 336 1497 386 et
1521 332 1638 387 alto
1709 386 1728 417 Ι

374 424 487 479 Dat
510 423 727 493 signum
754 421 925 487 caelo,
954 436 1063 489 quo
1088 436 1201 480 non
1226 419 1574 488 praesentius
1599 418 1772 475 ullum
2307 422 2411 475 245

375 511 639 566 Turbavit
662 513 879 562 mentes
904 506 1090 573 Italas,
1121 510 1480 575 monstroque
1507 504 1718 559 fefellit.

374 598 629 669 Namque
652 597 845 651 volans
868 594 1039 649 rubra
1060 592 1250 648 sulvus
1274 591 1428 647 Iovis
1451 591 1562 647 eles
1587 592 1643 645 in
1667 590 1861 647 aethra

370 683 622 740 Litoreas
645 683 891 753 agitabat
912 696 1043 735 aves
1066 678 1396 749 turbamque
1419 686 1708 733 sonantem

372 772 626 841 Agmiuie
650 770 856 841 aligeri,
885 766 1069 822 subito
1098 782 1223 823 cum
1252 765 1438 835 lapsus
1463 764 1534 821 ad
1560 764 1732 821 undas

373 857 617 925 cycnum
647 858 1005 913 excellentem
1031 852 1265 925 pedibus
1296 852 1444 921 rapit
1468 851 1750 919 improbus
1773 853 1944 907 uncis.
2305 857 2410 909 250

371 946 649 1000 Arx-exere
672 946 887 999 animos
912 943 1053 1010 Itali,
1082 944 1423 1006 cunctaeque
1449 936 1702 993 volucres

370 1030 720 1086 Convertunt
742 1032 983 1086 clamore
1006 1022 1522 1098 fugam-mirabile
1550 1024 1670 1078 visu
1683 1054 1742 1065 -

370 1116 725 1188 Aetheraque
750 1119 1047 1173 obscurant
1072 1116 1287 1185 pennis,
1321 1112 1648 1179 hostemque
1675 1126 1774 1180 per
1797 1128 1960 1167 auras

368 1203 541 1259 Facta
562 1205 711 1259 nube
734 1210 1009 1273 premunt,
1038 1205 1217 1259 donec
1240 1202 1295 1255 vi
1319 1200 1502 1254 victus
1526 1203 1584 1251 et
1607 1198 1728 1267 ipso

368 1290 621 1346 Pondere
644 1290 864 1359 defecit,
890 1291 1259 1361 praedamque
1286 1306 1356 1345 ex
1385 1286 1656 1355 unguibus
1681 1284 1794 1340 alca
2301 1292 2406 1345 255

364 1376 609 1433 Proiecit
634 1378 819 1447 fluvio,
846 1380 1173 1448 penitusque
1197 1380 1254 1432 in
1278 1376 1472 1431 nubila
1493 1375 1650 1443 fugit.

365 1464 503 1519 Tum
530 1481 663 1520 vero
688 1466 975 1534 augurium
1002 1465 1191 1519 Rutuli
1220 1464 1462 1519 clamore
1489 1462 1748 1531 salutant,

362 1550 788 1622 Expediuntque
813 1568 1037 1619 manus3
1074 1552 1394 1621 primusque
1423 1550 1744 1605 Tolumnius
1768 1564 1943 1618 augur

368 1642 401 1668 ‘⁸
418 1638 539 1694 Hoc
563 1648 697 1707 erat,
728 1640 850 1706 hoc,
880 1641 1026 1694 votis
1044 1639 1077 1667 ’²
1104 1639 1283 1707 inquit
1311 1640 1343 1667 ‘⁴
1369 1638 1512 1707 quod
1543 1653 1706 1705 saepe
1731 1635 1938 1707 petivi3

362 1727 610 1796 Accipio,
640 1743 991 1796 agnoscoque
1012 1726 1175 1791 deos;
1215 1740 1321 1793 me,
1352 1741 1442 1779 me
1467 1724 1608 1777 duce
1633 1725 1846 1779 ferrum
2295 1728 2402 1779 260

362 1813 653 1883 Corripite,
682 1831 717 1869 o
740 1813 941 1882 miseri,
972 1828 1109 1882 quoe
1132 1812 1418 1889 improbus
1441 1812 1658 1867 advena
1681 1811 1827 1865 bello

363 1899 614 1965 Territa&
642 1902 913 1956 invalidas
936 1907 999 1955 ut
1024 1918 1169 1967 avec,
1194 1906 1253 1954 et
1276 1900 1446 1955 litora
1471 1906 1654 1957 vestra

362 1986 439 2043 Vi
462 1989 716 2058 populat:
758 1993 911 2057 petet
934 1987 1029 2041 ille
1056 1988 1257 2055 fugam,
1290 1988 1616 2057 penitusque
1645 1990 1926 2058 profundo

360 2073 503 2130 Vela
525 2076 696 2130 dabit.
769 2074 893 2129 Vos
914 2074 1161 2127 unanimi
1186 2071 1414 2127 densete
1436 2079 1704 2143 catervas,

357 2160 431 2215 Et
454 2179 641 2231 regem
667 2161 827 2215 vobis
851 2175 1036 2229 pugna
1059 2158 1341 2213 defendite
1366 2163 1642 2228 raptum.”
2291 2172 2395 2223 265

356 2247 529 2315 Dixit,
560 2254 617 2303 et
641 2248 905 2303 adversos
928 2245 1099 2299 telum
1125 2246 1400 2301 contorsit
1422 2247 1479 2301 in
1509 2249 1686 2307 hostis

356 2334 729 2391 Procurrens:
770 2334 1013 2390 sonitum
1038 2334 1135 2389 dat
1158 2333 1392 2389 stridula
1419 2352 1634 2406 coruus,
1663 2345 1722 2395 et
1745 2356 1904 2395 auras

358 2421 527 2479 Certa
548 2428 714 2478 secat.
790 2420 963 2475 Simul
984 2420 1107 2489 hoc,
1136 2420 1298 2475 simul
1326 2421 1526 2493 ingens
1550 2424 1772 2495 clamor,
1801 2432 1860 2481 et
1883 2442 2077 2483 omnes

357 2508 585 2564 Turbati
610 2509 787 2579 cunei,
809 2508 1181 2579 calefactaque
1207 2509 1376 2565 corda
1403 2512 1658 2568 tumultu.

357 2596 533 2653 Hasta
556 2597 763 2666 volans,
784 2602 847 2651 ut
870 2596 1020 2651 forte
1046 2612 1247 2653 novem
1276 2598 1652 2669 pulcherrima
1673 2602 1912 2657 fratrum
2287 2606 2394 2661 270

357 2684 605 2755 Corpora
626 2686 993 2740 constiterant
1015 2690 1223 2755 contra,
1246 2703 1388 2757 quos
1413 2687 1522 2743 fida
1545 2694 1760 2745 crearat

356 2770 485 2827 Una
507 2777 595 2825 tot
618 2771 859 2827 Arcadio
882 2772 1125 2825 coniunx
1150 2772 1438 2840 Tyrrhena
1461 2774 1720 2845 (wippo,

356 2856 573 2913 Horum
596 2874 767 2912 unum
794 2856 863 2911 ad
886 2858 1147 2929 medium,
1170 2861 1370 2915 teritur
1395 2877 1504 2931 qua
1529 2862 1706 2917 sutilia
1729 2861 1856 2917 alvo
1874 2866 1928 2940 {f

354 2944 583 3000 Balteus
606 2949 663 2998 et
686 2944 919 2999 laterum
944 2946 1229 3018 iuncturas
1252 2947 1428 3002 fibula
1449 2946 1684 3013 mordet,
1861 2940 1961 3004 N

354 3031 651 3101 Egregium
673 3032 859 3086 torma
882 3034 1137 3087 iuvenem
1162 3040 1221 3088 et
1243 3034 1587 3102 fulgentibus
1610 3036 1792 3103 armis,
2286 3036 2390 3093 275

354 3118 703 3187 Transadigit
727 3125 921 3188 costas,
948 3120 1211 3189 fulvaque
1234 3120 1474 3175 effundit
1496 3120 1722 3177 harena.

356 3206 435 3259 At
460 3206 673 3273 fratres,
696 3207 949 3261 animosa
970 3206 1211 3275 phalanx
1238 3224 1574 3276 accensaque
1597 3208 1766 3277 luctu,

353 3292 490 3347 Pars
513 3292 729 3361 gladios
752 3292 1032 3361 stringunt
1054 3294 1323 3361 manibus,
1347 3311 1478 3362 pars
1502 3295 1705 3349 missile
1729 3296 1942 3351 ferrum

356 3378 693 3449 corripiunt,
714 3380 973 3449 caecique
994 3384 1179 3433 ruunt.
1256 3379 1410 3445 Quos
1433 3382 1654 3444 nmina
1675 3394 1870 3437 contra

354 3462 699 3520 Procurrunt
722 3465 1057 3521 Laurentum
1080 3484 1095 3533 ;
1135 3465 1269 3521 hinc
1295 3465 1452 3521 densi
1481 3484 1670 3523 rursus
1691 3467 1965 3525 inundant
2281 3468 2388 3519 28⁰
