2725 3892
975 229 1246 282 VERGILI
1291 229 1623 283 AENEIDOS
1664 231 1706 284 1.

311 392 450 447 Tum
475 392 718 448 celerare
742 391 924 462 fugam
951 392 1236 463 patriaque
1267 393 1535 448 excedere
1562 393 1767 463 suadet,

311 479 711 548 Auxiliumque
735 479 858 534 viae
885 479 1087 534 veteris
1109 479 1310 534 tellure
1333 479 1572 534 recludit

311 564 637 634 Thesauros,
664 566 916 634 ignotum
941 567 1156 635 argenti
1181 567 1401 636 pondus
1426 571 1482 621 et
1507 567 1642 622 auri.

313 649 416 704 His
438 659 716 706 commota
737 651 924 722 fugam
949 652 1096 706 Dido
1121 654 1408 724 sociosque
1432 655 1680 723 parabat.

311 736 678 806 Conveniunt,
709 738 906 807 quibus
929 744 1025 793 aut
1049 739 1238 794 odium
1263 740 1488 794 crudele
1510 741 1735 808 tyranni

314 825 432 878 Aut
454 829 636 878 metus
659 840 786 879 acer
808 831 952 892 erat;
995 827 1165 893 navis,
1196 843 1334 896 quae
1359 827 1505 881 forte
1528 833 1770 896 paratae,

312 909 650 979 corripiunt,
679 916 1018 981 onerantque
1045 927 1213 978 aur03
1255 919 1550 982 portantur
1574 913 1723 967 avari

313 995 685 1065 Pygmalionis
709 1012 844 1067 opes
869 997 1096 1067 pelag03
1138 997 1253 1052 dux
1279 999 1489 1053 femina
1508 999 1662 1054 facti.

309 1081 598 1138 Devenere
621 1082 789 1152 locos,
815 1082 912 1138 ubi
936 1099 1083 1138 nunc
1107 1084 1356 1154 ingentia
1380 1085 1558 1140 cernis

310 1167 534 1224 Moenia
556 1175 978 1240 surgentemque
1002 1186 1180 1225 novae
1209 1171 1570 1242 Karthaginis
1594 1188 1791 1244 arcem,

311 1253 648 1326 Mercatique
671 1256 863 1325 solum,
890 1257 1031 1311 tacti
1052 1257 1122 1312 de
1147 1257 1371 1312 nomine
1395 1257 1646 1328 Byrsam,

309 1341 551 1397 Taurino
575 1349 842 1412 quantum
865 1351 1091 1413 possent
1117 1343 1457 1399 circumdare
1480 1349 1655 1414 tergo,

310 1427 422 1482 Sed
446 1445 544 1482 vos
568 1429 661 1498 qui
686 1429 928 1495 tandem,
957 1430 1156 1500 quibus
1179 1437 1276 1486 aut
1303 1433 1534 1486 venistis
1558 1433 1627 1486 ab
1653 1433 1781 1502 oris,

311 1513 504 1580 Quove
529 1515 732 1570 tenetis
755 1515 896 1572 iteri
915 1515 949 1543 ’'
989 1515 1286 1582 Quaerenti
1312 1517 1517 1573 talibus
1540 1519 1635 1573 ille

298 1601 602 1670 suspirans
625 1602 844 1672 imoque
871 1593 1099 1668 trdheus
1123 1621 1156 1659 a
1179 1609 1405 1674 pectore
1429 1621 1655 1660 vocem:

383 1689 418 1718 ‘⁸
434 1687 482 1743 Ο
507 1688 628 1756 dea,
657 1687 704 1741 si
729 1690 908 1758 prima
931 1694 1185 1760 repetens
1209 1692 1280 1745 ab
1305 1691 1521 1761 origine
1544 1707 1783 1762 pergam,

309 1773 384 1828 Et
409 1779 568 1830 vacet
589 1773 802 1830 annalis
831 1781 1150 1830 nostrorum
1176 1775 1363 1831 audire
1388 1777 1656 1848 laborum,

313 1863 462 1920 Ante
487 1863 634 1920 diem
659 1865 849 1942 clauso
871 1872 1167 1936 componet
1195 1865 1414 1934 Vesper
1440 1865 1696 1935 Olympo,

313 1949 432 2004 Nos
455 1949 620 2006 Troia
643 1951 885 2022 antiqua,
915 1952 960 2006 si
985 1957 1200 2007 vestras
1223 1953 1369 2007 forte
1394 1967 1493 2021 per
1516 1951 1663 2009 auris

311 2034 508 2092 Troiae
532 2054 736 2094 nomen
761 2038 840 2106 iit,
869 2037 1086 2094 diversa
1108 2055 1209 2110 per
1234 2056 1471 2108 aequora
1493 2043 1682 2093 vectos

310 2121 480 2178 Forte
503 2140 604 2178 sua
627 2123 848 2192 Libycis
871 2131 1168 2196 tempestas
1195 2127 1408 2197 appulit
1434 2128 1561 2204 oris.

311 2209 446 2264 Sum
471 2209 596 2279 pius
620 2209 852 2280 Aeneas,
879 2220 1067 2282 ruptos
1092 2215 1184 2284 qui
1210 2230 1279 2267 ex
1303 2213 1463 2267 hoste
1488 2212 1715 2267 Penatis

311 2295 498 2350 Classe
523 2296 666 2352 veho
688 2314 920 2369 mecum,
949 2300 1098 2355 fama
1122 2317 1288 2370 super
1311 2301 1537 2357 aethera
1556 2307 1739 2356 notus.

209 2459 214 2462 Ι
309 2381 526 2438 ltaliam
549 2399 754 2453 quaero
780 2386 1014 2455 patriam
1039 2390 1098 2441 et
1121 2403 1294 2456 genus
1317 2389 1389 2442 ab
1416 2387 1548 2441 Iove
1572 2403 1801 2443 summo.

309 2466 404 2522 Bis
428 2469 586 2526 denis
609 2469 910 2542 Phrygium
940 2473 1235 2528 conscendi
1263 2475 1495 2530 navibus
1518 2489 1739 2546 aequor,

309 2554 487 2610 Matre
511 2556 618 2612 dea
639 2563 982 2614 monstrante
1007 2559 1170 2630 viam,
1199 2559 1330 2615 data
1352 2561 1473 2616 tata
1496 2567 1742 2628 secutus;

309 2639 353 2695 V
367 2643 424 2696 ix
447 2647 658 2718 septem
684 2645 977 2700 convulsae
1001 2633 1164 2701 undis
1185 2645 1445 2718 Euroque
1468 2653 1777 2718 supersunt.

308 2726 434 2797 Ipse
455 2728 693 2799 ignotus,
721 2745 901 2800 egens,
929 2729 1136 2801 Libyae
1162 2731 1381 2788 deserta
1405 2749 1653 2804 peragro,

305 2811 535 2884 Europa
555 2820 722 2886 atque
747 2817 884 2872 Asia
909 2817 1153 2888 pulsus.”
1227 2817 1346 2874 Nec
1372 2819 1533 2890 plura
1556 2827 1877 2890 querentem

307 2898 476 2955 Passa
497 2899 694 2958 Venus
715 2902 902 2958 medio
925 2905 1006 2959 sic
1031 2905 1298 2960 interfata
1322 2905 1515 2960 dolore
1540 2913 1651 2961 est:

308 2989 344 3017 ‘⁴
361 2985 618 3057 Quisquis
642 3005 716 3057 es,
743 2989 908 3058 haud,
936 2989 1120 3057 eredo,
1150 2991 1360 3048 invisus
1384 2991 1710 3048 caelestibus
1734 3008 1895 3048 auras

309 3073 510 3128 Vitalis
532 3076 728 3146 carpis,
755 3075 979 3144 Tyriam
1006 3078 1100 3148 qui
1124 3077 1414 3132 adveneris
1438 3079 1650 3134 urbem.

309 3159 482 3229 Perge
507 3160 704 3230 modo,
717 3167 885 3232 atque
909 3163 1038 3217 hinc
1061 3167 1120 3218 te
1142 3165 1364 3232 reginae
1390 3163 1459 3219 ad
1480 3165 1675 3219 limina
1699 3163 1896 3234 perfer.

307 3244 561 3315 Namque
585 3247 688 3301 tibi
713 3246 942 3303 reduces
965 3250 1141 3324 socios
1165 3249 1503 3320 classemque
1526 3250 1757 3305 relatam

305 3330 520 3387 Nuntio
544 3339 602 3388 et
625 3333 686 3386 in
709 3337 892 3388 tutum
917 3335 1088 3390 versis
1112 3335 1463 3406 aquilonibus
1488 3342 1683 3407 actam,

305 3415 380 3472 Ni
405 3407 925 3487 frmtra'sugurinm
949 3422 1077 3476 vani
1103 3423 1339 3476 docuere
1361 3428 1639 3492 parentes.

308 3504 510 3574 Aspice
535 3505 622 3562 bis
645 3521 810 3560 senos
833 3504 1094 3562 laetantis
1114 3509 1332 3576 agmine
1357 3523 1575 3576 cycnos,
1672 3551 1679 3561 .

2243 657 2349 712 860

2244 1089 2345 1141 865

2242 1518 2345 1575 870

2136 1935 2145 1942 ’
2244 1950 2344 2009 8¹15

2240 2387 2344 2440 880

2239 2820 2341 2873 885

2240 3247 2343 3300 890
