2725 3892
1001 196 1277 247 VERGILI
1321 197 1699 249 GEORGIOON
1744 198 1781 249 1.

375 358 956 429 Consilia-incertum
967 362 1076 413 est:
1118 359 1369 414 urbisne-
1382 358 1636 428 invisere,
1666 359 1884 425 Caesar,

373 446 775 516 Terrarumque
799 445 938 500 velis
959 451 1250 513 curamret
1273 451 1332 501 te
1354 446 1631 500 maximus
1658 446 1811 499 orbis

377 535 678 588 Auctorem
702 533 921 602 frugum
947 537 1446 602 tempestatumque
1471 536 1759 602 potentem

375 620 652 711 Accipiat,
672 620 898 688 cingens
921 620 1174 710 materna
1197 624 1450 688 tempora
1482 628 1699 687 myrt03

374 707 466 762 An·
491 690 664 761 deus
649 707 908 761 immensi
933 690 1121 759 venias
1145 706 1326 775 marie,
1345 709 1421 760 ac
1444 711 1543 759 tua
1566 714 1770 760 nautae

372 794 618 849 Numina
639 794 758 848 sola
781 792 981 862 colant,
1009 792 1112 847 tibi
1139 792 1346 847 serviat
1370 791 1565 847 ultima
1588 792 1779 861 Thule,

371 880 556 950 Teque
580 880 684 935 sibi
709 895 972 949 generum
999 855 1214 947 Tethys
1231 885 1381 934 emat
1405 879 1663 933 omnibus
1688 880 1878 948 undis;

373 968 540 1021 Anne
561 982 771 1022 novum
794 966 972 1021 tardis
993 965 1144 1019 sidus
1169 970 1226 1019 te
1251 966 1529 1019 mensibus
1552 966 1737 1035 addas,

374 1053 496 1119 Qua
518 1053 674 1108 locus
693 1052 978 1119 Erigonen
1001 1052 1148 1105 inter
1173 1051 1480 1121 Chelasque
1504 1054 1782 1123 sequentis

371 1138 674 1208 Panditur3
713 1141 832 1210 ipse
854 1138 958 1193 tibi
981 1138 1090 1193 iam
1119 1138 1381 1193 bracchia
1407 1140 1689 1193 contrahit
1710 1140 1911 1195 ardens

373 1226 649 1296 Scorpius,
677 1231 734 1280 et
757 1225 896 1281 caeli
921 1226 1067 1279 iusta
1089 1224 1216 1295 plus
1240 1232 1401 1294 parte
1425 1225 1676 1295 reliquit3

374 1311 654 1382 Quidquid
678 1311 1006 1380 cria—nam
1031 1316 1089 1365 te
1115 1328 1218 1365 neo
1241 1318 1469 1381 sperant
1493 1312 1721 1367 Tartara
1746 1330 1947 1383 regem,

373 1398 493 1453 Nec
515 1398 620 1453 tibi
643 1396 909 1467 regnandi
935 1398 1124 1451 veniat
1146 1404 1261 1452 tam
1287 1398 1410 1453 dira
1432 1398 1661 1468 eupid0,
1648 1418 1661 1431 ·

375 1485 638 1551 Quamvis
659 1484 876 1552 Elysios
897 1485 1131 1538 miretur
1157 1484 1395 1540 Graecia
1416 1502 1657 1556 campos,

373 1572 494 1627 Nec
519 1572 756 1643 repetita
777 1573 932 1640 sequi
959 1577 1116 1626 curet
1141 1560 1476 1642 Preher'pina
1498 1579 1807 1629 matrem-

373 1658 462 1714 Da
483 1660 701 1715 facilem
725 1674 981 1722 cursum,-
988 1660 1477 1729 atqueaudacibus
1498 1640 1681 1715 adnue
1704 1661 1930 1731 coeptis,

373 1744 711 1815 Ignarosque
734 1746 858 1801 viae
884 1762 1096 1801 mecum
1123 1747 1419 1801 miseratus
1442 1749 1673 1817 agrestis

373 1828 669 1902 Ingredere
693 1840 772 1886 -et
795 1833 944 1887 votis
961 1833 1074 1887 iam
1097 1848 1248 1887 nune
1272 1833 1533 1889 adsuesce
1554 1835 1759 1889 vocari.

445 1919 596 1975 Vere
619 1935 783 1988 novo,
811 1918 1026 1989 gelidus
1049 1921 1203 1975 canis
1225 1937 1350 1975 cnm
1376 1922 1660 1977 montibus
1684 1938 1843 1976 umor

371 2006 629 2078 Liquitur
653 2013 710 2062 et
734 2006 991 2077 Zephyro
1015 2006 1196 2076 putris
1219 2024 1277 2061 se
1300 2008 1497 2076 glaeba
1522 2008 1762 2077 resolvit,

373 2092 902 2165 Depresso-incipiat
923 2094 1034 2148 iam
1063 2100 1184 2147 tum
1209 2095 1348 2149 mihi
1372 2100 1565 2150 taurus
1588 2101 1775 2151 aratro

373 2180 678 2251 Ingemere,
703 2186 760 2235 et
784 2180 935 2235 sulco
962 2180 1187 2234 attritus
1211 2180 1591 2250 splendescere
1614 2198 1824 2238 vomer.

372 2262 475 2322 Illa
497 2285 652 2337 seges
674 2268 896 2323 demum
921 2268 1068 2322 votis
1091 2268 1392 2338 respondet
1413 2269 1569 2324 avari

373 2354 682 2423 Agricolae,
709 2354 796 2409 bis
819 2370 960 2424 quae
983 2355 1173 2423 solem,
1203 2354 1288 2409 bis
1309 2354 1525 2423 frigora
1546 2356 1749 2422 sensit3

371 2439 526 2495 Illius
547 2441 850 2495 immensae
875 2447 1146 2510 ruperunt
1169 2440 1373 2496 horrea
1392 2458 1611 2496 messes.

376 2528 452 2581 At
473 2526 626 2597 prius
649 2528 900 2597 ignotum
925 2528 1079 2583 ferro
1107 2544 1272 2598 quam
1301 2528 1599 2582 scindimus
1622 2542 1843 2596 aequor,

371 2612 588 2669 Ventos
613 2623 672 2669 et
695 2616 908 2671 varium
934 2614 1066 2670 caeli
1093 2616 1439 2683 praediscere
1462 2630 1673 2669 morem

371 2701 519 2757 Cura
541 2702 613 2756 sit
637 2718 701 2756 ac
726 2702 937 2772 patrios
961 2702 1248 2771 cultusque
1273 2702 1601 2771 habitusque
1624 2701 1887 2769 locorum,

369 2788 444 2843 Et
468 2787 598 2858 quid
623 2804 868 2858 quaeque
891 2788 1042 2847 ferat
1063 2788 1232 2858 regiO,
1261 2794 1320 2843 et
1341 2789 1475 2858 qnid
1502 2803 1749 2857 quaeque
1772 2792 2005 2841 recuset.

372 2874 477 2931 Hic
499 2882 728 2944 segetes,
757 2874 870 2929 illic
894 2876 1126 2930 veniunt
1148 2875 1366 2929 felicius
1386 2891 1545 2943 uvae,

369 2962 608 3017 Arborei
633 2962 778 3017 fetus
802 2961 950 3031 alibi,
979 2968 1142 3031 atque
1165 2962 1377 3016 iniussa
1396 2962 1677 3015 virescunt

369 3047 648 3103 Gramina.
719 3047 922 3107 Nonne
946 3048 1115 3115 vides,
1143 3064 1370 3103 croceos
1391 3053 1457 3103 ut
1480 3047 1704 3102 Tmolus
1728 3046 1943 3115 odores,

367 3132 527 3189 India
547 3135 725 3190 mittit
749 3136 900 3204 ebur,
929 3134 1120 3189 molles
1143 3152 1245 3189 sua
1265 3140 1393 3189 tura
1416 3135 1627 3204 Sabaei,

367 3220 450 3275 At
475 3220 748 3289 Chalybes
769 3222 906 3277 nudi
931 3222 1159 3289 ferrum,
1187 3222 1478 3291 virosaque
1501 3221 1716 3276 Pontus

368 3307 648 3377 Castorea,
675 3308 932 3363 Eliadum
955 3308 1166 3378 palmas
1189 3307 1389 3377 Epiros
1414 3309 1713 3379 equarum?

367 3392 648 3447 Oontinuo
671 3392 770 3449 has
793 3394 942 3464 leges
967 3400 1298 3465 aeternaque
1321 3394 1553 3449 foedera
1572 3395 1740 3449 certis

367 3476 636 3545 Imposuit
660 3484 859 3534 natura
879 3480 1032 3551 locis,
1060 3498 1170 3551 quo
1195 3488 1445 3551 tempore
1470 3482 1709 3551 primum

2006 838 2239 933 „lJssaew

2341 362 2409 413 25

2341 796 2411 845 80

2344 1232 2409 1283 85

2339 2532 2441 2584 50·
