2725 3892
979 171 1256 224 VERGILI
1301 171 1632 224 mutuos
1676 173 1767 225 VI.

367 331 482 390 Neo
507 349 639 386 vero
663 331 768 386 hae
793 331 912 386 sine
936 339 1084 387 sorte
1109 333 1288 401 datae,
1317 333 1435 388 sine
1462 333 1661 402 iudioe,
1694 333 1887 390 sedes:

364 420 658 486 Quaesitor
681 417 868 472 Minos
890 435 1086 474 urnam
1111 425 1326 486 movet;
1370 419 1465 474 ille
1492 420 1752 474 silentum

363 504 779 572 Conciliumque
805 511 970 560 vooat
993 507 1242 575 vitasque
1267 512 1326 560 et
1347 506 1583 562 erimina
1606 506 1784 562 discit.

361 593 626 647 Proxima
651 589 856 644 deinde
879 597 1072 646 tenent
1095 593 1290 646 maesti
1315 592 1455 659 loea,
1486 593 1579 661 qui
1604 592 1708 646 sibi
1732 592 1905 648 letum

367 681 616 734 lnsontes
643 695 910 748 peperere
933 695 1118 746 manu,
1145 679 1433 748 lucemque
1456 681 1643 748 perosi

365 766 649 822 Proieeere
675 767 906 821 animas.
983 764 1158 830 Quam
1187 765 1395 820 vellent
1420 765 1645 820 aethere
1670 767 1731 820 in
1755 767 1869 822 alto

363 853 522 908 Nune
545 860 603 909 et
631 855 949 925 pauperiem
977 857 1038 908 et
1059 852 1230 906 duros
1253 853 1505 921 perterre
1528 853 1775 908 laboresl

361 939 465 994 Fas
488 942 692 1012 obstat,
727 941 982 1011 tristique
1005 939 1168 1008 palus
1193 939 1505 994 inamabilis
1528 940 1681 996 unda

365 1027 590 1098 Anigat,
618 1035 676 1083 et
700 1029 932 1084 noviens
955 1027 1097 1095 Styx
1125 1025 1399 1080 interfusa
1422 1031 1657 1080 ooeroet.

361 1112 482 1168 Nee
503 1115 698 1184 procul
721 1115 852 1168 hino
873 1119 1088 1182 partem
1111 1111 1222 1166 fusi
1245 1118 1629 1166 monstrantur
1652 1114 1711 1167 in
1738 1129 1956 1168 omnem

361 1201 638 1270 Lugentes
660 1202 864 1272 campi:
905 1201 983 1255 sie
1005 1199 1132 1255 iUos
1157 1199 1385 1255 nomine
1414 1198 1619 1254 dieunt.

361 1287 482 1357 Hie,
511 1305 650 1357 quos
672 1288 842 1342 durus
865 1304 1021 1342 amor
1045 1287 1260 1343 erudeli
1283 1287 1415 1341 tabe
1438 1287 1673 1355 peredit,

359 1374 568 1430 Sem-eti
593 1375 780 1429 celant
803 1374 968 1430 ealles
991 1380 1048 1429 et
1071 1383 1291 1443 myrtea
1317 1374 1527 1428 oireum

359 1462 512 1517 Silva
534 1463 702 1532 tegit3
743 1477 910 1516 eurae
932 1478 1046 1516 non
1069 1463 1190 1530 ipsa
1213 1463 1272 1514 in
1297 1463 1479 1514 morte
1506 1459 1845 1530 relinquunt.

359 1548 464 1604 His
487 1547 793 1602 Phaedram
819 1547 1176 1616 Procrimque
1199 1547 1352 1614 loeis,
1382 1549 1761 1616 maestamque
1784 1547 2104 1617 Eriphylen.

360 1635 612 1690 Crudelis
634 1636 754 1690 nati
775 1640 1174 1690 monstrantem
1199 1634 1447 1702 volnera,
1478 1633 1673 1702 cernit,

358 1721 772 1792 Euhadnenqne
797 1733 854 1776 et
875 1721 1216 1792 Pasiphaen3
1255 1713 1346 1776 his
1365 1721 1671 1778 Laodamia

359 1809 416 1864 lt
437 1827 638 1879 eomes,
665 1816 722 1864 et
745 1809 962 1866 invenis
983 1809 1276 1880 quondam,
1305 1827 1457 1866 nune
1482 1811 1707 1880 femina,
1742 1810 2005 1876 Caeneus,

361 1897 569 1953 Rursus
591 1903 650 1952 et
673 1897 733 1951 in
758 1902 1004 1952 veterem
1025 1897 1150 1954 fato
1173 1899 1427 1956 revoluta
1450 1899 1701 1968 figuram.

359 1985 514 2040 Inter
540 2001 676 2055 quas
697 1985 1000 2040 Phoenissa
1021 2001 1212 2040 reeens
1236 2003 1270 2040 a
1293 1987 1519 2042 volnere
1545 1985 1689 2040 Dido

359 2071 596 2127 Errabat
621 2071 758 2126 silva
780 2071 838 2125 in
863 2087 1095 2140 magna:
1135 2088 1300 2140 quam
1325 2072 1525 2128 Troius
1548 2073 1713 2128 beros

359 2158 440 2214 Ut
463 2160 702 2228 primum
727 2158 884 2214 iuxta
905 2157 1062 2214 stetit
1085 2159 1421 2227 agnovitque
1446 2175 1549 2228 per
1574 2160 1831 2214 umbram

361 2245 686 2314 Obscuram,
713 2244 928 2314 qualem
955 2245 1136 2314 primo
1159 2245 1256 2313 qui
1279 2261 1503 2313 surgere
1525 2261 1717 2302 meuse

359 2333 480 2386 Aut
504 2331 656 2388 videt
679 2337 775 2386 aut
804 2332 1002 2386 vidisse
1025 2336 1190 2400 putat
1212 2348 1310 2401 per
1335 2332 1529 2387 nubila
1549 2333 1777 2400 Lunam,

357 2419 598 2474 Demisit
619 2419 890 2488 lacrimas,
917 2419 1172 2488 dulcique
1201 2417 1425 2474 adfatus
1449 2436 1638 2475 amore
1664 2425 1783 2476 est:

363 2506 396 2536 “
419 2505 618 2560 Infelix
641 2505 805 2574 Dido,
828 2521 992 2560 verus
1014 2506 1150 2560 mihi
1177 2507 1405 2562 nuntius
1430 2525 1561 2577 ergo

361 2591 610 2647 Venerat
633 2593 982 2659 exstinetam,
1009 2593 1272 2662 ferroque
1299 2599 1551 2650 extrema
1578 2594 1863 2650 secutam?

361 2679 594 2734 Funeris
616 2678 724 2732 heu
749 2679 849 2732 tibi
874 2693 1040 2732 eausa
1062 2679 1184 2734 fui?
1257 2679 1369 2736 Per
1392 2681 1575 2736 sidera
1596 2681 1735 2748 iuro,

361 2767 470 2822 Per
491 2781 718 2834 superos
741 2767 798 2818 et
822 2763 870 2818 si
893 2780 1002 2834 qua
1025 2764 1162 2820 fides
1185 2767 1387 2822 tellure
1408 2767 1511 2822 snb
1534 2768 1647 2822 ima
1670 2772 1771 2836 est,

361 2853 594 2920 Invitus,
622 2851 830 2920 regina.
855 2855 957 2905 tuo
981 2852 1052 2908 de
1077 2853 1242 2910 litore
1265 2855 1419 2910 oessi.

361 2941 469 2996 Sed
493 2957 582 2994 me
605 2939 754 2994 iussa
775 2937 959 3009 deum,
989 2957 1128 3011 quae
1155 2959 1302 2998 nune
1325 2943 1431 2997 has
1452 2941 1533 2996 ire
1556 2957 1659 3011 per
1682 2941 1920 3008 umbras,

361 3026 468 3080 Per
487 3027 614 3082 loca
637 3031 796 3082 senta
819 3028 932 3082 situ
959 3033 1170 3096 coguut
1191 3033 1525 3097 noetemque
1547 3027 1899 3097 profundam,

361 3115 614 3182 imperiis
637 3132 800 3184 egere
823 3117 938 3170 suis
959 3134 972 3182 ;
1011 3131 1116 3170 neo
1141 3115 1366 3170 credere
1399 3113 1551 3183 quivi

365 3201 522 3256 Hune
547 3207 768 3258 tantum
791 3203 896 3258 tibi
921 3219 1012 3256 me
1035 3201 1278 3256 discessu
1301 3201 1447 3254 ferre
1471 3199 1736 3254 dolorem.

363 3287 508 3342 Siste
531 3290 782 3360 gradum,
809 3296 976 3359 teque
999 3292 1222 3356 aspectu
1246 3303 1320 3341 ne
1343 3285 1609 3340 subtrahe
1632 3289 1841 3340 nostro.

365 3375 538 3438 Quem
565 3377 753 3444 fugiat
791 3381 1100 3430 extremum
1123 3373 1256 3440 fato,
1285 3371 1437 3440 quod
1460 3377 1517 3425 te
1540 3371 1825 3440 adloquor,
1853 3371 1959 3424 hos
1990 3367 2130 3424 est.'’

365 3459 586 3517 Talibus
609 3461 832 3515 Aeneas
853 3459 1134 3514 ardentem
1163 3467 1220 3512 et
1239 3463 1405 3512 torva
1428 3462 1679 3512 tuentem

2292 1989 2399 2040 450

2282 2421 2388 2474 455

2290 2855 2397 2906 460
