2725 3892
991 192 1266 243 VERGILI
1313 190 1642 243 AENEIDOS
1686 192 1774 243 11.

361 353 676 424 oppetiisse
701 355 838 421 tuis;
880 354 1112 423 primam
1141 354 1282 407 hanc
1307 353 1411 407 tibi
1438 368 1671 421 magnus
1699 350 1908 422 Apollo

361 440 631 495 Ooncedit
653 440 891 509 laudern,
922 444 980 494 et
1006 440 1228 509 paribus
1251 456 1364 493 non
1392 440 1603 493 invidet
1628 440 1827 506 armis;

362 526 562 581 Cetera
585 543 764 596 parce,
793 542 943 596 puer,
973 526 1174 584 bello.”
1248 526 1338 580 Sic
1363 542 1523 581 orsus
1548 526 1755 594 Apollo
1842 520 1847 525 ’

359 612 606 667 Mortalis
631 613 814 670 medio
840 619 1094 683 aspectus
1120 628 1371 667 sermone
1397 612 1636 681 reliquit,

358 700 432 754 Et
453 699 648 769 procul
673 700 729 753 in
755 705 980 755 tenuem
1008 716 1076 754 ex
1103 699 1275 754 oculis
1299 701 1527 754 evanuit
1552 714 1757 753 auram.

359 788 656 855 Agnovere
682 787 848 841 deum
873 802 1129 857 proceres
1151 787 1306 840 divin
1343 802 1449 856 que
1472 786 1586 840 tela

357 872 726 944 Dardanidae,
755 874 1180 944 pharetramque
1203 874 1306 942 sug
1363 888 1583 927 sensere
1606 878 1912 929 sonantem.

355 960 505 1030 Ergo
531 961 754 1015 avidum
777 978 998 1031 pugnae
1021 952 1188 1014 dictis
1213 976 1278 1015 ac
1303 961 1531 1029 numine
1556 960 1764 1015 Phoebi

357 1048 660 1103 Ascanium
683 1049 1016 1117 prohibent;
1057 1048 1162 1117 ipsi
1189 1048 1248 1101 in
1273 1047 1582 1102 certamina
1606 1064 1793 1101 rursus

355 1134 684 1200 Succedunt,
715 1136 1034 1205 animasque
1059 1136 1115 1188 in
1143 1139 1336 1203 aperta
1361 1134 1611 1204 pericula
1632 1135 1879 1190 mittunt.

355 1220 410 1274 It
434 1220 642 1275 clamor
666 1222 804 1275 totis
831 1238 928 1291 per
953 1222 1369 1290 propugnacula
1394 1222 1602 1287 muris;

357 1306 666 1362 Intendunt
691 1309 832 1363 acris
847 1324 1029 1377 arcus,
1059 1315 1389 1377 amentaque
1418 1314 1697 1377 torquent.

355 1394 636 1449 Sternitur
659 1411 824 1449 omne
849 1395 1028 1449 solum
1051 1394 1206 1463 telis;
1247 1400 1368 1450 tum
1390 1401 1547 1449 scuta
1572 1412 1851 1465 cavaeque

351 1480 506 1537 Dant
529 1482 770 1537 sonitum
797 1481 950 1536 flictu
975 1482 1192 1550 galeae3
1233 1498 1419 1551 pugna
1444 1498 1639 1551 aspera
1662 1484 1869 1551 surgitt

353 1566 606 1634 Quantus
630 1570 698 1623 ab
725 1586 926 1623 occasu
951 1570 1182 1624 veniens
1203 1568 1537 1638 pluvialibus
1564 1568 1770 1624 Haedis

353 1656 632 1710 Verberat
655 1656 833 1711 imber
857 1656 1118 1721 humum;
1159 1672 1322 1725 quam
1347 1656 1525 1711 multa
1548 1656 1817 1724 grandine
1840 1656 2015 1711 nimbi

353 1740 420 1795 In
445 1742 591 1797 vada
613 1744 996 1813 praecipitant,
1020 1760 1147 1797 cum
1173 1742 1423 1813 Iuppiter
1448 1742 1709 1797 horridus
1734 1744 1933 1796 austris

353 1829 595 1899 Torquet
621 1846 883 1899 aquosam
907 1830 1147 1885 hiemem
1171 1836 1228 1884 et
1252 1829 1405 1884 caelo
1430 1845 1567 1884 cava
1592 1828 1784 1883 nubila
1806 1829 2028 1897 rumpit.

421 1915 707 1973 Pandarus
733 1923 790 1971 et
819 1916 1006 1986 Bitias,
1034 1916 1204 1972 Idaeo
1229 1918 1507 1972 Alcanore
1532 1918 1687 1985 creti,

352 2001 504 2069 Quos
527 2002 675 2078 Iovis
699 2003 892 2057 eduxit
915 2003 1041 2059 luco
1071 2004 1338 2062 silvestris
1361 2005 1536 2072 Iaera,

353 2090 649 2145 Abietibus
675 2091 902 2145 iuvenes
926 2092 1120 2159 patriis
1141 2102 1199 2146 et
1223 2092 1505 2146 montibus
1528 2108 1748 2162 aequos,
1808 2128 1813 2135 ·

353 2176 601 2245 Portam,
625 2194 764 2247 quae
787 2177 943 2231 ducis
968 2178 1201 2247 imperio
1227 2180 1535 2246 commissa,
1564 2179 1873 2247 recludunt,

349 2263 500 2317 Freti
525 2264 707 2333 armis,
735 2264 990 2333 ultroque
1015 2265 1257 2319 invitant
1279 2266 1569 2321 moenibus
1585 2266 1819 2319 hostem.

349 2348 465 2418 Ipsi
487 2350 639 2403 intus
662 2350 858 2403 dextra
883 2366 947 2404 ac
971 2350 1130 2405 laeva
1153 2368 1256 2419 pro
1281 2353 1529 2407 turribus
1551 2356 1747 2418 astant,

351 2437 572 2491 Armati
595 2436 742 2489 ferro
769 2440 826 2490 et
851 2437 1033 2489 cristis
1058 2438 1241 2505 capita
1265 2438 1377 2491 alta
1402 2437 1642 2492 corusci:

349 2522 551 2587 Quales
577 2522 758 2577 aeriae
783 2521 1050 2591 liquentia
1071 2522 1302 2576 flumina
1327 2525 1551 2590 circum,

347 2609 474 2663 Sive
497 2608 637 2669 Padi
665 2608 816 2677 ripis,
847 2607 1102 2661 Athesim
1129 2624 1226 2662 seu
1253 2616 1485 2677 propter
1512 2624 1825 2676 amoenum,

346 2694 702 2763 Consurgunt
725 2694 976 2761 geminae
1005 2710 1237 2762 quercus
1263 2696 1591 2765 intonsaque
1618 2694 1773 2749 caelo

346 2780 632 2835 Attollunt
657 2780 842 2847 capita
867 2784 924 2833 et
948 2766 1168 2835 sublimi
1193 2783 1403 2837 vertice
1428 2788 1646 2837 nutant.

345 2868 693 2937 Inrumpunt,
723 2866 905 2922 aditus
931 2866 1120 2922 Rutuli
1147 2874 1210 2923 ut
1231 2870 1421 2924 videre
1444 2870 1700 2939 patentis.

347 2954 626 3009 Continuo
653 2953 936 3018 Quercens
960 2960 1018 3009 et
1043 2956 1274 3025 pulcher
1299 2956 1604 3026 Aquicolus
1632 2956 1797 3011 armis

343 3042 418 3097 Et
442 3057 706 3110 praeceps
732 3040 904 3095 animi
923 3040 1154 3095 Tmarus
1189 3048 1244 3097 et
1269 3042 1576 3098 Mavortius
1602 3043 1851 3097 Haemon

345 3128 678 3196 Agminibus
701 3128 836 3182 totis
861 3135 959 3183 aut
983 3130 1132 3182 versi
1157 3136 1314 3198 terga
1337 3130 1555 3199 dedere,

345 3216 465 3269 Aut
489 3215 609 3283 ipso
635 3223 830 3285 portae
856 3232 1088 3285 posuere
1112 3216 1171 3269 in
1197 3217 1386 3270 limine
1416 3218 1603 3271 vitam.

344 3302 482 3355 Tum
509 3302 684 3371 magis
708 3294 1020 3357 increscunt
1047 3302 1245 3357 animis
1269 3303 1612 3359 discordibus
1634 3306 1780 3371 irae,

343 3390 418 3443 Et
439 3390 550 3444 iam
575 3389 792 3445 collecti
817 3390 987 3444 Troes
1011 3390 1393 3459 glomerantur
1418 3392 1629 3459 eodem,

344 3476 420 3530 Et
444 3477 701 3531 conferre
726 3493 948 3531 manum
977 3484 1034 3530 et
1057 3494 1384 3546 procurrere
1406 3480 1627 3550 longius
1652 3478 1873 3535 audent.

2294 443 2397 495 655

2292 876 2396 929 660

2288 1312 2391 1363 665

2284 1746 2389 1799 670

2284 2180 2389 2237 675

2280 2616 2386 2667 680

2282 3048 2383 3099 685

2280 3484 2382 3533 690
