2725 3892
1003 201 1278 254 vnmm
1321 201 1652 254 AENEIDOS
1696 201 1786 254 m.

383 364 502 422 Nec
524 370 586 420 tu
609 381 922 420 mensarum
945 380 1160 419 morsus
1181 364 1441 419 horresce
1464 364 1708 418 futuros:

383 453 522 507 Fata
543 452 690 506 viam
713 451 1004 505 invenient
1026 451 1312 550 aderitque
1335 456 1566 505 vocatus
1588 449 1810 519 Apelle.

383 538 500 592 Has
523 543 708 592 antem
731 543 925 614 terras,
953 536 1376 624 Itu12q,nq,hanc
1372 537 1560 617 litogig
1584 553 1777 610 oram„

381 605 647 679 Proxi'frla
669 628 823 693 quael
831 593 1044 678 noem-1⁹
1062 554 1431 678 ¹eri'unditui·
1408 620 1662 692 aequoris
1686 628 1857 693 aestu,

382 713 610 782 Effuge;
651 718 852 766 cuncta
876 710 1034 766 malis
1057 711 1382 766 habitantur
1406 709 1625 764 moenia
1648 709 1825 764 Grais.

385 799 492 854 Hic
515 807 572 854 et
595 797 823 866 Narycii
847 801 1150 868 posuerunt
1173 797 1391 850 moenia
1412 795 1590 866 Locri,

383 885 459 941 Et
483 885 816 976 Sallentinos
839 883 1056 940 obsedit
1079 883 1256 938 milite
1279 899 1501 952 campos

383 973 612 1041 Lyctius
635 949 1000 1040 Ιᾱοιιιέζιιθιιες
1040 969 1134 1024 hic
1156 969 1252 1024 illa
1275 969 1431 1024 ducis
1454 969 1712 1024 Meliboei

382 1059 568 1114 Parva
589 1057 935 1113 Philoctetae
961 1056 1195 1111 subnixa
1218 1055 1429 1111 Petelia
1452 1073 1628 1111 muro.

386 1145 551 1214 Quin,
577 1145 674 1199 ubi
698 1143 1049 1198 transmissae
1074 1143 1330 1197 steterint
1351 1147 1508 1198 trans
1532 1158 1772 1213 aequora
1798 1143 1997 1198 classes

385 1233 458 1288 Et
482 1231 678 1302 positis
705 1230 815 1286 aris
839 1231 952 1284 iam
979 1235 1112 1284 vota
1133 1228 1194 1283 in
1217 1228 1381 1283 litore
1404 1229 1599 1298 solves,

278 1373 287 1380 ,
320 1318 674 1392 Purpureo
703 1316 890 1372 velare
917 1332 1104 1371 eomas
1130 1316 1429 1385 adopertus
1452 1318 1675 1385 amictu,

385 1399 475 1460 Ne
500 1421 607 1475 qua
629 1405 776 1458 inter
801 1408 1021 1458 sanctos
1045 1403 1188 1472 ignis
1211 1403 1270 1456 in
1295 1403 1507 1458 honore
1530 1404 1761 1458 deorum

307 1484 616 1562 ῌοεῶίε
640 1491 806 1545 facies
832 1494 1087 1544 occurrat
1111 1495 1169 1544 et
1193 1489 1381 1545 omina
1402 1491 1606 1546 turbet.

386 1580 552 1634 Hunc
577 1578 710 1633 socii
737 1593 948 1633 morem
973 1592 1272 1644 sacrorum,
1299 1575 1489 1630 hunc·
1472 1593 1591 1646 ipse
1616 1581 1833 1632 teneto:

389 1666 509 1720 Hac
531 1666 670 1720 casti
694 1672 956 1720 maneant
981 1667 1040 1719 in
1065 1663 1332 1734 religione
1357 1669 1603 1734 nepotes.

388 1754 496 1808 Ast
522 1753 614 1806 ubi
642 1752 946 1820 digressum
971 1751 1188 1807 Siculae
1215 1756 1272 1806 te
1297 1751 1610 1806 admoverit
1634 1767 1764 1807 orae

388 1841 608 1896 Ventus
633 1848 690 1896 et
713 1841 932 1910 angusti
954 1846 1232 1895 rarescent
1255 1839 1493 1895 claustra
1515 1838 1718 1909 Pelori,

387 1927 570 1984 Laeva
593 1930 698 1984 tibi
721 1929 888 1983 tellus
911 1935 968 1984 et
989 1927 1158 1996 longo
1179 1928 1338 1983 laeva
1359 1933 1620 1998 petantur

255 2015 652 2112 ..n-§equora
674 2015 936 2083 circuitu3
976 2015 1232 2070 dextrum
1257 2015 1393 2083 fuge
1414 2015 1548 2069 litus
1572 2019 1628 2069 et
1652 2014 1841 2070 undas.

389 2107 540 2163 Haec
564 2109 686 2162 loca
709 2107 764 2160 vi
791 2105 1068 2176 quondam
1094 2110 1150 2159 et
1174 2109 1332 2159 vasta
1353 2104 1617 2158 convulsa
1642 2102 1871 2156 ruina-

389 2195 622 2250 Tantum
651 2195 770 2248 aevi
797 2192 1100 2261 longinqua
1125 2189 1274 2245 valet
1299 2201 1517 2244 mutare
1540 2195 1857 2244 vetustas—

388 2281 702 2336 Dissiluisse
725 2279 932 2347 ferunt,
965 2294 1090 2332 cum
1117 2277 1372 2347 protinus
1396 2281 1628 2346 utraque
1652 2275 1817 2330 tellus

389 2367 516 2424 Una
539 2369 713 2439 foret3
755 2369 911 2423 venit
937 2367 1120 2424 medio
1146 2367 1200 2419 vi
1227 2371 1429 2436 pontus
1454 2371 1511 2420 et
1532 2365 1696 2419 undis

389 2454 716 2525 Hesperium
744 2455 931 2511 Siculo
958 2453 1105 2508 latus
1131 2452 1379 2518 abscidit,
1408 2469 1645 2522 arvaque
1670 2459 1728 2506 et
1752 2452 1915 2506 urbes

388 2539 579 2595 Litore
603 2540 854 2596 diductas
879 2543 1112 2608 angusto
1135 2537 1391 2592 interluit
1414 2546 1586 2592 aestu.

387 2627 660 2684 Dextrum
688 2627 873 2696 Scylla
897 2627 1058 2697 latus,
1087 2626 1299 2682 laevum
1328 2626 1626 2697 implacata
1648 2623 1963 2693 Charybdis

389 2713 635 2784 obsidet,
664 2721 828 2784 atque
853 2715 966 2768 imo
993 2713 1239 2769 barathri
1265 2719 1352 2768 ter
1376 2714 1595 2784 gurgite
1618 2719 1803 2768 vastos

389 2801 630 2857 Sorbet
615 2819 672 2856 ιιι
701 2802 992 2870 abruptum
1021 2800 1237 2869 fluctus,
1269 2817 1566 2871 rursusque
1590 2800 1694 2855 sub
1718 2815 1878 2854 auras

387 2887 571 2956 Erigit
594 2889 838 2942 alternos
860 2891 918 2942 et
941 2887 1123 2942 sidera
1145 2887 1403 2942 verberat
1428 2887 1595 2942 unda.

391 2975 472 3028 At
495 2973 732 3041 Scyllam
758 2974 934 3029 caecis
959 2974 1185 3028 cohibet
1207 2973 1471 3044 spelunca
1492 2974 1736 3042 latebris,

390 3060 506 3116 Ora
528 3065 900 3116 exsertantem
927 3067 986 3115 et
1006 3061 1165 3115 navis
1189 3061 1249 3114 in
1273 3077 1407 3115 saxa
1431 3061 1763 3116 trahentem.

389 3145 578 3200 Prima
599 3147 839 3201 hominis
861 3146 1034 3202 facies
1059 3152 1116 3202 et
1139 3147 1375 3216 pulchro
1398 3153 1621 3217 pectore
1644 3147 1803 3216 virgo

384 3231 547 3292 Pube
569 3237 747 3302 tenus,
775 3239 1057 3302 postrema
1072 3234 1308 3288 immani
1335 3249 1565 3302 corpore
1589 3233 1787 3302 pistrix

390 3318 728 3390 Delphinum
754 3319 956 3375 caudas
981 3325 1140 3374 utero
1167 3321 1461 3376 commissa
1488 3320 1761 3389 luporum.

391 3405 645 3462 Praestat
667 3405 936 3460 Trinacrii
959 3411 1136 3460 metas
1160 3405 1397 3460 lustrare
1421 3405 1669 3473 Pachyni

393 3490 729 3560 Conantem,
754 3490 953 3560 longos
977 3495 1036 3545 et
1057 3491 1491 3546 circumflectere
1514 3507 1721 3559 cursus,

2310 453 2412 506 805

2310 885 2415 937 400

2314 1753 2417 1805 410

2314 2187 2417 2240 415

2313 2624 2421 2676 420

2316 3061 2424 3114 425

2318 3493 2428 3548 430
