2725 3892
955 180 1231 231 mmm
1274 180 1604 231 mmnos
1649 180 1738 230 XI.

328 340 447 397 Hac
470 340 691 395 Arruns
714 340 878 409 subit,
908 348 963 397 et
988 342 1191 397 tacitus
1218 341 1450 410 vestigia
1473 341 1700 417 lustrat3

328 428 451 495 Qua
474 428 672 482 victrix
698 427 845 482 redit
868 428 963 482 illa
986 428 1291 498 pedemque
1314 444 1385 483 ex
1409 428 1570 483 hoste
1595 433 1862 498 reportat,

324 515 445 571 Hac
468 514 685 569 iuvenis
706 514 902 569 furtim
928 514 1123 569 celeris
1146 514 1441 584 detorquet
1464 514 1724 570 habenas.

326 602 443 658 Hos
466 602 663 669 aditus,
692 601 911 670 iamque
937 602 1041 656 hos
1068 602 1265 669 aditus,
1295 617 1624 673 omnemque
1647 606 1897 672 pererrat

326 688 581 759 Undique
605 688 911 757 circuitum,
942 694 999 743 et
1024 694 1233 743 certam
1258 690 1440 758 quatit
1460 688 1748 758 im1>robus
1770 690 2004 745 hastam.

324 776 491 830 Forte
518 790 673 831 sacer
698 774 941 843 Cybelae
966 775 1250 843 Chloreus,
1282 774 1522 845 olimque
1547 776 1815 845 sacerdos,

325 861 563 930 Insignis
583 862 748 930 longe
771 860 1031 931 Phrygiis
1054 860 1301 929 fulgebat
1324 861 1388 915 in
1413 861 1596 931 armis,

325 948 792 1018 Spumantemque
818 948 1063 1018 agitabat
1086 964 1304 1017 equum,
1330 964 1496 1017 quem
1517 948 1680 1030 pellis
1701 950 1854 1005 aenis
2015 994 2024 1001 .

304 1034 391 1174 {n
414 1035 655 1104 plumam
681 1037 925 1105 squamis
948 1052 1085 1089 auro
1109 1039 1363 1112 conserta
1387 1035 1626 1103 tegebat.

351 1137 461 1190 pse,
492 1122 781 1191 peregrina
804 1122 1080 1196 femgine
1104 1120 1285 1175 clarus
1310 1126 1368 1175 et
1390 1129 1558 1190 ostro,

285 1267 290 1272 ,
323 1206 547 1277 Spicula
568 1208 863 1277 torquebat
886 1208 1057 1275 Lycio
1082 1200 1359 1277 Gortynia
1385 1226 1588 1277 cornu3

322 1294 545 1349 Aureus
569 1311 637 1349 ex
662 1294 865 1369 umeris
888 1301 1050 1351 sonat
1074 1312 1247 1365 arcus,
1276 1306 1335 1349 et
1356 1312 1524 1351 aurea
1549 1297 1664 1350 vati

324 1380 577 1453 Cassida3
618 1386 739 1436 tum
766 1398 1013 1437 croceam
1038 1382 1496 1453 chlamydemque
1523 1384 1782 1465 sinusque
1807 1386 2086 1453 crepantis

280 1447 627 1553 ''Cathaseos
620 1468 841 1546 fulvo
826 1486 885 1523 ιιι
908 1470 1117 1523 nodum
1142 1470 1440 1541 collegerat
1469 1486 1618 1539 auro,

322 1553 541 1609 Pictus
536 1545 637 1610 a'eu
660 1555 877 1611 tunicas
900 1562 957 1611 et
980 1556 1217 1611 barbara
1240 1558 1488 1625 tegmina
1511 1574 1751 1613 crurum.

323 1640 483 1695 Hunc
506 1642 681 1712 virgo,
704 1642 819 1696 sive
845 1647 907 1697 ut
930 1642 1151 1712 templis
1178 1644 1506 1713 praefigeret
1531 1660 1688 1699 arma

322 1726 497 1797 Troia,
527 1729 750 1799 captivo
774 1730 889 1783 sive
912 1740 977 1783 ut
1000 1744 1059 1783 se
1083 1730 1293 1783 ferret'
1278 1748 1335 1785 ιιι
1361 1748 1514 1799 auro,

322 1814 593 1873 Venatrix
616 1832 789 1879 unum
816 1833 884 1871 ex
908 1817 1058 1869 omni
1084 1818 1384 1872 certamine
1409 1835 1624 1887 pugnae

322 1900 499 1957 Caeca
521 1902 865 1972 sequebatur,
894 1907 1185 1971 totumque
1208 1904 1434 1959 incauta
1455 1922 1556 1975 per
1580 1923 1776 1977 agmen

319 1987 581 2043 Femineo
605 1989 841 2058 praedae
866 1994 923 2043 et
948 1988 1249 2057 spoliorum
1275 1990 1504 2047 ardebat
1527 2009 1743 2055 amore:

319 2074 509 2129 Telum
536 2092 607 2129 ex
630 2075 843 2129 insidiis
866 2091 993 2130 cum
1018 2076 1241 2131 tandem
1268 2085 1519 2149 tempore
1543 2088 1706 2151 capto
1815 2148 1820 2155 Δ

320 2160 579 2216 Concitat
604 2165 661 2215 et
686 2178 911 2231 superos
938 2162 1155 2219 Arruns
1176 2165 1255 2218 sic
1280 2180 1418 2221 voce
1443 2174 1726 2237 precatur:

322 2248 357 2277 ‘⁸
371 2246 597 2301 Summe
621 2247 797 2312 deum,
827 2249 1003 2303 sancti
1026 2256 1211 2304 custos
1234 2250 1480 2307 &raetis
1503 2255 1726 2325 Apelle,

319 2334 497 2399 Quem
522 2334 685 2403 primi
710 2316 981 2400 colimus;
984 2336 1069 2389 cui
1097 2336 1289 2405 pineus
1316 2340 1484 2397 ardor
1508 2360 1706 2399 acervo

316 2420 581 2490 Pascitur,
609 2428 667 2476 et
690 2422 931 2477 medium
958 2422 1083 2477 freti
1110 2425 1315 2493 pietate
1338 2444 1440 2497 per
1465 2430 1648 2499 ignem

320 2507 571 2563 Cultores
594 2508 779 2563 multa·
794 2510 1095 2581 premimus
1124 2512 1355 2583 vestigia
1380 2530 1582 2584 pruna,

315 2594 418 2663 Da,
446 2594 629 2663 Pater,
657 2596 763 2651 hoc
786 2583 999 2650 nostris
1018 2598 1225 2653 aboleri
1252 2600 1489 2663 dedecus
1514 2607 1696 2674 armis,

316 2681 697 2751 Omnipotens.
772 2680 903 2739 Non
927 2686 1155 2741 exuvias
1178 2688 1439 2763 pulsaeve
1461 2697 1752 2763 tropaeum

314 2766 579 2840 Virginis,
606 2778 703 2825 ant
726 2770 903 2839 spolia
926 2772 1037 2827 ulla
1058 2780 1219 2844 pet03
1260 2778 1399 2831 mihi
1425 2784 1608 2834 eetera
1629 2780 1848 2837 laudem

313 2856 481 2912 Facta
502 2858 721 2929 terent:
760 2858 900 2913 haec
922 2859 1045 2916 dira
1066 2878 1193 2917 meo
1218 2862 1348 2917 dum
1378 2865 1604 2921 volnere
1625 2870 1798 2937 pestis

312 2938 479 3021 Pulsa
502 2942 679 3013 cadat,
706 2944 913 3015 patrias
938 2948 1197 3004 remeabo
1222 2950 1492 3019 inglorius
1515 2950 1732 3009 urbes.”

314 3030 511 3086 Audiit
534 3036 590 3087 et
615 3022 732 3086 ⁴voti
757 3031 1019 3089 Phoebus
1043 3036 1335 3091 succedere
1360 3044 1574 3107 partem

310 3116 501 3172 Mente
524 3117 691 3187 dedit,
718 3126 941 3189 partem
964 3120 1203 3177 volueris
1228 3122 1492 3192 dispersit
1515 3127 1574 3181 in
1599 3144 1792 3183 auras:

310 3202 598 3260 Sterneret
621 3212 685 3261 ut
708 3200 893 3263 subita
916 3208 1197 3263 turbatam
1224 3218 1408 3267 morte
1435 3212 1742 3271 Camillam

311 3289 525 3347 Adnuit
548 3292 764 3361 oranti3
803 3293 1063 3349 reducem
1090 3301 1149 3349 ut
1174 3280 1353 3365 patria
1380 3298 1490 3373 alta
1515 3300 1744 3366 videret,

310 3375 441 3457 an
366 3361 633 3445 cecedit,
592 3368 827 3451 t-,inque
852 3386 1019 3435 notos
1041 3394 1231 3437 vocem
1257 3368 1477 3440 vertere
1503 3388 1792 3455 procellae.

307 3462 484 3577 Ergo,
494 3472 563 3575 ut
587 3466 755 3521 missa
778 3479 947 3521 manu
972 3465 1211 3523 sonitum
1236 3468 1394 3527 dedit
1417 3470 1515 3527 ba
1491 3478 1576 3527 ta
1603 3488 1704 3541 per
1727 3452 1904 3541 auras,
1935 3522 1946 3529 .

2257 516 2359 571 '765

2257 952 2358 1007 770
2445 950 2449 955 “

2147 1349 2161 1363 ’
2251 1388 2354 1443 775

2249 1822 2354 1877 '780

2249 2258 2350 2315 '185

2247 2696 2350 2751 '790

2245 3132 2348 3189 '195
