2725 3892
1043 177 1318 230 vanem
1349 179 1695 234 nummos
1736 182 1805 232 n.

411 335 488 392 Et
511 353 615 407 me,
645 353 808 408 quem
833 337 1042 393 dudum
1063 353 1180 392 non
1205 337 1317 394 ulla
1341 339 1543 394 iniecta
1564 342 1867 398 movebant

411 423 543 480 Tela
565 440 743 494 neque
767 424 1000 478 adverso
1023 424 1316 494 glomerati
1339 441 1411 480 ex
1434 428 1652 495 agmine
1675 429 1830 496 Grai,

409 509 574 565 Nunc
600 527 790 565 omnes
815 515 1028 566 terrent
1051 528 1234 580 aurae,
1261 527 1431 568 sonus
1454 515 1665 569 excitat
1688 515 1869 570 omnis

409 598 747 667 Suspensum
770 602 830 651 et
851 599 1061 667 pariter
1086 599 1383 668 comitique
1408 600 1673 670 onerique
1698 601 2004 657 timentem.

480 684 706 754 Iamque
731 684 1168 753 propinquabam
1195 685 1387 754 portis,
1418 702 1751 756 omnemque
1776 687 2006 744 videbar

407 771 661 826 Evasisse
685 771 847 838 viam,
879 770 1061 824 subito
1087 787 1214 826 cum
1237 772 1433 826 creber
1458 773 1529 828 ed
1556 775 1705 828 auris

410 857 580 912 Visus
603 856 792 910 adesse
816 856 1018 926 pedum
1045 857 1271 927 sonitus,
1287 859 1629 928 genitorque
1652 875 1754 929 per
1778 862 2027 918 umbram

409 943 774 1014 Prospiciens,
807 945 841 973 ‘⁴
855 942 1056 1012 Nate‚'’
1085 943 1369 1013 exclamat,
1404 945 1599 1015 “fuge,
1634 953 1797 1016 nate,
1836 949 2225 1020 propinquant.

409 1030 676 1085 Ardentis
700 1029 906 1099 clipeos
932 1035 1095 1100 atque
1121 1045 1252 1086 aera
1275 1031 1541 1088 micantia
1564 1035 1788 1089 cern0.’'

409 1117 515 1172 Hic
539 1117 672 1172 mihi
699 1117 882 1171 nescio
908 1115 1056 1187 quod
1079 1116 1298 1186 trepido
1323 1117 1467 1172 male
1492 1135 1701 1176 numen
1725 1121 1961 1176 amioum

407 1206 714 1262 Confusam
737 1205 942 1274 eripuit
964 1209 1224 1260 mentem.
1298 1204 1557 1276 Namque
1578 1207 1703 1262 avia
1726 1224 1891 1262 cursu

408 1294 555 1350 Dum
581 1309 779 1362 sequor
803 1296 860 1346 et
883 1297 1018 1346 nota
1041 1293 1250 1348 excedo
1274 1295 1503 1362 regione
1525 1295 1757 1364 viarum,

408 1382 530 1436 Heu
551 1381 564 1436 1
605 1379 808 1436 misero
829 1380 1070 1436 coniunx
1095 1381 1288 1436 fatone
1313 1386 1507 1452 erepta
1530 1381 1737 1438 Creusa

407 1467 680 1536 Substitit,
711 1467 987 1522 erravitne
1010 1469 1114 1536 via,
1151 1485 1248 1522 seu
1271 1467 1415 1524 lassa
1440 1469 1674 1524 resedit?

407 1555 718 1622 Incertum3
759 1571 861 1610 nec
885 1559 1013 1624 post
1034 1554 1208 1610 oculis
1231 1560 1316 1609 est
1339 1555 1561 1610 reddita
1583 1558 1821 1625 nostris;

405 1641 525 1697 Nec
549 1642 702 1711 prius
725 1641 983 1696 amissam
1010 1640 1228 1710 respexi
1253 1643 1607 1712 animumque
1630 1643 1837 1714 reflexi,

407 1729 586 1794 Quam
611 1727 884 1783 tumulum
909 1728 1167 1797 antiquae
1193 1728 1413 1782 Cereris
1438 1729 1735 1798 sedemque
1758 1737 2027 1786 sacratam

406 1815 706 1884 Venimus3
747 1815 840 1870 hic
865 1815 1084 1870 demum
1109 1813 1358 1870 collectis
1384 1817 1641 1870 omnibus
1662 1834 1777 1872 una

405 1903 612 1971 Defuit,
642 1907 700 1957 et
724 1903 954 1957 comites
977 1906 1282 1970 natumque
1309 1905 1595 1973 virumque
1620 1903 1835 1960 fefellit.

406 1988 582 2054 Quem
607 2005 723 2043 non
745 1989 993 2043 incusavi
1017 2003 1209 2044 amens
1233 1987 1632 2059 hominumque
1657 1990 2011 2060 deorumque,

406 2076 524 2130 Aut
549 2075 680 2145 quid
701 2075 758 2129 in
783 2091 976 2129 eversa
997 2073 1117 2128 vidi
1141 2073 1418 2130 crudelius
1442 2075 1617 2130 urbe?

405 2165 706 2221 Ascanium
731 2164 1124 2235 Anchisenque
1147 2169 1364 2235 patrem
1390 2163 1733 2234 Teucrosque
1758 2163 1983 2220 Penatis

406 2251 747 2307 Commendo
773 2252 933 2306 sociis
960 2255 1018 2306 et
1042 2267 1214 2306 curva
1240 2250 1381 2305 valle
1408 2249 1680 2318 recondo;

403 2338 530 2409 Ipse
553 2340 747 2394 urbem
773 2343 966 2408 repeto
989 2343 1048 2392 et
1071 2337 1262 2406 cingor
1289 2337 1629 2405 fulgentibus
1652 2337 1838 2391 armis.

404 2425 528 2481 Stat
551 2443 708 2482 casus
729 2441 997 2480 renovare
1021 2423 1216 2491 omnis,
1251 2438 1583 2492 omnemque
1606 2423 1815 2476 reverti

403 2511 512 2566 Per
535 2511 770 2581 Troiam,
799 2517 858 2566 et
880 2526 1068 2564 rursus
1091 2515 1260 2578 caput
1289 2509 1567 2562 obiectare
1592 2508 1831 2577 periclis.

473 2598 756 2668 Principio
781 2613 970 2651 muros
994 2597 1336 2664 obscuraque
1363 2593 1557 2648 limina
1579 2599 1790 2663 portae,

313 2711 320 2717 ·
402 2685 528 2751 Qua
550 2700 795 2755 gressum
821 2681 1142 2750 extuleram,
1173 2687 1385 2752 repeto,
1416 2685 1475 2736 et
1497 2681 1733 2750 vestigia
1754 2684 1906 2735 retro

403 2771 714 2826 Observata
735 2785 934 2840 sequor
955 2785 1056 2840 per
1079 2775 1302 2824 noctem
1329 2773 1387 2825 et
1411 2768 1619 2824 lumine
1642 2767 1835 2822 lustro.

403 2857 615 2912 Horror
638 2856 844 2927 ubique
868 2855 1096 2924 animos,
1125 2855 1290 2910 simul
1313 2856 1433 2926 ipsa
1458 2855 1679 2910 silentia
1702 2858 1934 2910 terrent.

401 2940 538 2998 Inde
561 2941 802 3012 domum,
830 2943 877 2996 si
899 2942 1050 2997 torte
1075 2941 1292 3011 pedem,
1323 2943 1369 2996 si
1396 2943 1541 2997 forte
1564 2941 1797 3012 tulisset,
1906 3001 1911 3008 ,

400 3028 492 3084 Me
515 3027 712 3084 refero.
787 3028 1085 3083 Inruerant
1108 3027 1302 3096 Danai,
1335 3034 1392 3082 et
1420 3033 1625 3083 tectum
1654 3045 1819 3083 omne
1842 3026 2125 3082 tenebant.

401 3114 563 3170 Ilicet
584 3115 728 3185 ignis
753 3115 892 3169 edax
917 3131 1130 3170 summa
1155 3114 1225 3170 ad
1249 3115 1469 3183 fastigia
1490 3123 1661 3170 vento

402 3201 665 3257 Volvitur
685 3220 698 3270 ;
738 3206 1073 3271 exsuperant
1097 3200 1364 3270 flammae,
1392 3200 1533 3255 furit
1558 3206 1741 3256 aestus
1766 3201 1835 3256 ad
1860 3217 2038 3257 auras.

401 3287 650 3344 Procedo
676 3295 733 3342 et
756 3286 963 3343 Priami
987 3287 1144 3342 sedes
1169 3304 1461 3358 arcemque
1484 3287 1682 3342 reviso.

400 3373 475 3429 Et
497 3376 607 3430 iam
631 3375 936 3448 porticibus
961 3375 1148 3430 vacuis
1172 3373 1399 3428 Iunonis
1425 3374 1577 3442 asylo

402 3462 674 3518 Custodes
697 3461 823 3518 lecti
852 3461 1066 3518 Phenix
1092 3467 1148 3517 et
1173 3461 1328 3516 dirus
1351 3461 1543 3517 Ulixes

2338 691 2445 786 7-80

2336 1123 2439 1180 785

2334 1560 2441 1616 740

2334 1992 2437 2048 745

2332 2424 2437 2480 750

2331 2854 2435 2912 ‘155

2331 3287 2436 3346 '760
