2725 3892
1043 203 1320 257 VERGILI
1363 205 1693 257 mutuos
1738 206 1801 258 11.

406 365 704 423 Barbarico
727 374 916 437 postes
938 383 1076 421 auro
1100 366 1401 436 spoliisque
1425 367 1666 436 superbi,

405 453 790 521 Procubuer03
829 459 1023 508 tenent
1047 453 1242 522 Danai,
1271 470 1380 523 qua
1402 453 1590 508 deficit
1615 453 1773 523 ignis.

477 539 732 595 Forsitan
757 545 830 610 et,
859 539 1068 594 Priami
1093 539 1301 594 fuerint
1325 555 1465 609 quae
1489 539 1621 607 fata,
1649 541 1917 610 requiras.

406 625 574 682 Urbis
599 627 681 680 uti
706 633 900 697 captae
924 642 1108 681 casum
1135 626 1507 696 convulsaque
1530 625 1673 679 vidit

407 713 623 767 Limina
647 717 922 767 tectorum
948 718 1006 766 et
1027 711 1270 766 medium
1293 713 1352 766 in
1378 711 1753 780 penetralibus
1786 713 2021 783 hostem,

409 791 583 854 Arma
606 797 701 852 diu
726 799 912 853 senior
935 799 1162 853 desuets
1186 799 1553 853 trementibus
1578 814 1719 854 aevo

409 885 726 940 Oireumdat
747 885 1080 955 nequiquam
1107 885 1326 953 umeris,
1357 889 1415 939 et
1439 884 1635 940 inutile
1659 886 1865 940 ferrum

407 971 677 1041 Cingitur,
705 988 770 1026 ae
793 971 993 1026 densos
1016 971 1194 1025 fertur
1218 972 1525 1026 moriturus
1548 973 1607 1026 in
1633 973 1825 1028 hostis.

409 1058 656 1113 Aedibus
678 1057 738 1111 in
762 1057 958 1112 mediis
983 1057 1241 1127 nudoque
1264 1058 1368 1113 sub
1396 1059 1635 1113 aetheris
1658 1075 1765 1115 axe

407 1143 612 1214 Ingens
635 1161 735 1200 ara
755 1145 863 1199 fuit
883 1145 1148 1214 iuxtaque
1173 1146 1474 1200 veterrima
1498 1146 1701 1216 laurus,

307 1229 310 1232 ’
407 1231 740 1287 Incumbens
762 1248 889 1286 arae
913 1238 1079 1301 atque
1101 1231 1301 1286 umbra
1326 1233 1616 1302 complexa
1641 1233 1879 1290 Penatis.

407 1318 515 1373 Hic
539 1319 768 1373 Hecuba
791 1324 849 1373 et
872 1323 1036 1372 natae
1059 1320 1394 1388 nequiquam
1420 1319 1619 1374 altaria
1640 1321 1864 1390 circum,

405 1403 748 1474 Praecipites
771 1408 892 1459 atra
915 1421 1016 1460 ceu
1041 1409 1373 1474 tempestate
1400 1405 1700 1476 columbae,

409 1491 732 1546 Condensae
755 1497 814 1546 et
837 1491 1022 1546 divom
1049 1492 1334 1562 amplexae
1357 1493 1651 1548 simulacra
1672 1493 1956 1550 sedebant.

407 1575 595 1647 Ipsum
621 1583 804 1632 sutem
831 1580 1066 1648 sumptis
1089 1579 1373 1634 Priamum
1396 1580 1745 1634 iuvenalibus
1768 1583 1939 1635 armis

407 1663 485 1718 Ut
511 1664 666 1732 vidit,
701 1667 735 1694 '⁶‘
755 1663 908 1729 Quae
935 1681 1088 1719 mens
1111 1670 1228 1720 tam
1253 1666 1391 1736 dira,
1422 1666 1731 1720 miserrime
1756 1667 2017 1737 coniunx,

407 1749 639 1820 Impulit
661 1750 748 1805 his
767 1744 918 1820 ‘cingi
944 1751 1104 1806 telis?
1142 1757 1240 1806 aut
1262 1768 1372 1821 quo
1396 1754 1547 1806 ruis?
1565 1753 1598 1782 ’'
1632 1753 1830 1822 inquit.

411 1840 447 1868 ‘⁸
465 1836 595 1893 Non
622 1838 717 1893 tali
745 1839 950 1894 auxilio
973 1855 1078 1893 neo
1103 1839 1487 1894 defensoribus
1508 1839 1633 1894 istis

407 1924 645 1995 Tempus
669 1931 823 1994 eget3
863 1943 992 1995 non,
1021 1926 1068 1980 si
1087 1927 1205 1995 ipse
1231 1943 1386 1982 meus
1408 1943 1556 1981 nunc
1580 1927 1803 1981 adforet
1829 1927 2053 1983 Hector.

407 2010 531 2066 Huc
554 2012 778 2067 tandem
805 2013 1078 2082 eoncede;
1121 2012 1258 2067 haec
1286 2029 1384 2068 ara
1406 2014 1653 2067 tuebitur
1678 2013 1873 2082 omnis,

408 2099 526 2153 Aut
551 2099 785 2154 moriere
809 2100 1025 2155 simul.”
1097 2099 1190 2154 Sic
1214 2117 1309 2154 ore
1334 2100 1503 2154 effata
1526 2099 1735 2168 recepit

407 2186 500 2240 Ad
525 2202 642 2240 sese
667 2191 726 2241 et
748 2203 904 2241 sacra
925 2186 1254 2257 longaevum
1281 2189 1334 2240 in
1361 2185 1491 2241 sede
1514 2186 1733 2241 locavit.

476 2271 622 2328 Ecce
646 2278 832 2328 autem
858 2273 1072 2342 elapsus
1097 2274 1298 2342 Pyrrhi
1325 2274 1395 2327 de
1420 2273 1587 2328 caede
1611 2273 1837 2342 Polites,

407 2359 564 2414 Unus
588 2366 845 2415 natorum
871 2359 1093 2424 Priami,
1120 2376 1222 2429 per
1247 2359 1376 2428 tela,
1404 2376 1505 2429 per
1526 2359 1705 2413 hostis

407 2446 724 2501 Porticibus
745 2447 926 2516 longis
949 2447 1106 2514 fugit,
1139 2455 1197 2500 et
1221 2461 1396 2499 vacua
1420 2446 1561 2500 atria
1583 2445 1783 2500 lustrat

407 2533 661 2589 Saucius:
701 2535 860 2589 illum
886 2534 1086 2588 ardens
1109 2533 1312 2586 infesto
1339 2531 1567 2586 volnere
1592 2531 1845 2599 Pyrrhus

406 2621 737 2692 Insequitur,
765 2623 876 2676 iam
899 2622 1118 2690 iamque
1141 2635 1308 2674 manu
1335 2624 1491 2683 tenet
1514 2623 1572 2672 et
1594 2619 1795 2688 premit
1817 2620 1991 2678 hasta.

409 2708 486 2763 Ut
507 2708 733 2763 tandem
757 2713 890 2762 ante
915 2706 1103 2761 oculos
1127 2707 1302 2761 evasit
1327 2713 1385 2762 et
1408 2724 1509 2761 ora
1530 2712 1838 2777 parentum,

408 2794 682 2864 Concidit,
705 2811 770 2849 ac
795 2793 970 2848 multo
995 2794 1166 2848 vitam
1191 2811 1316 2849 cum
1343 2795 1611 2864 sanguine
1634 2793 1793 2849 fudit.

405 2881 514 2936 Hic
537 2881 805 2950 Priamus,
835 2897 1164 2950 quamquam
1187 2883 1246 2935 in
1273 2881 1456 2936 media
1477 2881 1587 2936 iam
1612 2887 1789 2935 morte
1814 2885 2049 2948 tenetur,

404 2967 535 3022 Non
559 2975 749 3022 tamen
773 2968 1054 3036 abstinuit,
1080 2984 1185 3022 nec
1209 2968 1334 3022 voci
1355 2967 1583 3037 iraeque
1606 2967 1879 3038 pepercit:

409 3055 443 3083 “
462 3053 544 3108 At
567 3053 672 3108 tibi
695 3070 798 3124 pro
823 3053 1085 3124 scelere,”
1113 3054 1401 3122 exclamat,
1434 3057 1467 3084 ‘⁴
1483 3071 1585 3123 pro
1609 3054 1813 3108 talibus
1836 3052 1997 3120 ausis,

403 3139 494 3208 Di,
523 3142 570 3195 si
594 3157 703 3210 qua
725 3147 810 3196 est
835 3139 988 3196 caelo
1009 3143 1201 3211 pietas,
1231 3157 1371 3210 quae
1392 3140 1527 3196 talia
1550 3146 1719 3208 curet,

404 3227 731 3284 Pei-solvant
754 3234 940 3298 grates
963 3228 1158 3299 dignas
1183 3234 1238 3283 et
1261 3229 1512 3297 praemia
1534 3226 1771 3282 reddant

404 3315 621 3384 Debita,
649 3317 745 3385 qui
763 3317 881 3370 nati
907 3332 1092 3370 eoram
1116 3332 1206 3369 me
1230 3329 1455 3369 eernere
1474 3314 1645 3368 letum

405 3402 606 3458 Fecisti
630 3407 689 3457 et
710 3404 922 3473 patrios
945 3401 1182 3456 foedasti
1206 3401 1401 3455 funere
1425 3399 1624 3454 voltus.

410 3489 488 3543 At
509 3505 622 3544 nou
647 3487 756 3558 ille,
785 3492 966 3544 satum
992 3502 1102 3558 quo
1123 3491 1184 3542 te
1205 3487 1471 3555 mentiris,
1503 3483 1753 3540 Achilles

2340 458 2448 511 505

2339 891 2449 943 510

2338 1323 2448 1377 515

2337 1759 2447 1810 520

2334 2189 2441 2242 525

2332 2624 2445 2677 580

2332 3055 2443 3108 585

2332 3487 2447 3543 540
