2725 3892
963 232 1170 282 VERGI
1177 232 1238 282 LI
1285 232 1544 283 ECLOGA
1590 233 1682 283 111.

297 392 450 447 Mau.
489 391 688 447 Infelix
717 410 750 447 0
775 408 1004 461 semper,
1033 393 1168 461 ovis,
1198 393 1395 461 pecus!
1438 394 1556 460 ipse
1584 392 1853 447 Neaeram

295 476 442 532 Dum
467 478 641 544 fovet,
670 494 750 545 ec,
777 493 848 532 ne
873 494 962 531 me
987 478 1088 531 sibi
1113 479 1397 547 praeferat
1422 478 1531 546 illa,
1562 485 1799 544 veretur,

297 563 404 618 Hic
429 563 638 617 alienus
662 564 782 618 ovis
807 568 994 619 custos
1019 564 1103 617 bis
1127 564 1335 633 mulget
1360 566 1419 617 in
1445 563 1613 628 hora:

294 648 369 704 Et
393 652 554 704 sucus
579 650 764 719 pecori
789 656 848 704 et
870 650 955 705 lac
979 650 1301 705 subducitur
1325 652 1497 719 agnis.

295 736 449 790 Dua.
489 736 717 791 Parcius
741 736 849 791 ista
872 736 1005 790 viris
1029 741 1214 792 tamen
1238 737 1531 792 obicienda
1554 743 1851 793 memento,

295 823 581 891 Novimus,
609 828 666 877 et
693 823 782 893 qui
809 828 883 890 te,
911 829 1221 879 transversa
1244 824 1527 877 tuentibus
1546 824 1729 891 hircis,

294 910 367 963 Et
393 908 670 979 quo—sed
695 909 884 963 faciles
909 908 1200 979 Nymphae
1227 911 1681 965 risere—sacello,

297 995 446 1049 ΜΕΝ.
485 995 640 1063 Tum,
669 995 849 1063 crede,
879 1010 1001 1049 cum
1031 1011 1119 1049 me
1145 995 1431 1049 arbustum
1460 997 1647 1051 videre
1674 996 1906 1051 Miconis

297 1084 482 1153 Atque
505 1084 650 1137 mala
677 1082 802 1136 vitis
827 1081 1072 1136 incidere
1101 1081 1241 1135 falce
1267 1082 1531 1137 novellas.

294 1168 452 1223 Dan.
490 1170 610 1223 Aut
633 1168 724 1223 hic
747 1168 816 1223 ad
843 1168 1047 1223 veteris
1075 1168 1236 1237 fagos
1261 1184 1385 1222 cum
1416 1168 1723 1238 Daphnidis
1748 1184 1933 1223 arcum

295 1256 524 1325 Fregisti
552 1261 610 1311 et
633 1256 898 1311 calamos:
941 1272 1082 1325 quae
1107 1264 1184 1323 tu,
1213 1272 1471 1323 perverse
1498 1255 1760 1321 Menalca,

293 1342 382 1411 Et,
410 1358 536 1397 cum
562 1341 748 1396 vidisti
773 1358 944 1411 puero
967 1342 1186 1409 donata,
1216 1342 1461 1411 dolebas,

292 1428 382 1497 Et,
411 1429 457 1483 si
481 1445 594 1483 non
620 1428 804 1498 aliqua
827 1429 1121 1497 nocuisses,
1149 1435 1403 1485 mortuus
1429 1446 1585 1485 esses,
1614 1470 1619 1473 -

293 1516 445 1571 Men.
483 1515 632 1582 Quid
658 1515 866 1569 domini
895 1516 1113 1585 saciant,
1145 1516 1352 1571 audent
1378 1534 1501 1573 cum
1529 1518 1662 1571 talia
1688 1518 1864 1570 fures!

292 1602 424 1657 Non
449 1618 552 1673 ego
575 1610 633 1656 te
658 1601 772 1655 vidi
799 1601 1080 1672 Damonis,
1109 1604 1357 1671 pessime,
1386 1621 1611 1674 caprum

291 1689 567 1759 Excipere
589 1688 818 1758 insidiis,
846 1688 1080 1744 multum
1107 1690 1346 1745 latrante
1372 1690 1636 1759 Lycisca?

291 1777 366 1832 Et
389 1793 514 1831 cum
541 1776 863 1831 clamarem:
909 1778 940 1806 ‘⁴
959 1776 1082 1843 Quo
1107 1792 1254 1832 nunc
1279 1794 1336 1831 se
1359 1777 1599 1847 proripit
1622 1777 1750 1831 ille?

291 1863 498 1932 Tityre,
529 1879 664 1933 coge
691 1865 886 1933 pecus!
910 1863 942 1891 ’³
968 1872 1030 1918 tu
1057 1870 1184 1933 post
1209 1871 1427 1919 carecta
1448 1864 1675 1919 latebas.

296 1951 449 2005 ΒΑΜ.
488 1950 580 2004 An
608 1949 742 2004 mihi
769 1950 1045 2005 cantando
1071 1952 1249 2006 victus
1273 1968 1384 2006 non
1410 1951 1666 2005 redderet
1688 1951 1797 2017 ille,

295 2039 473 2104 Quem
498 2056 620 2095 mea
645 2038 980 2095 carminibus
1002 2038 1291 2093 meruisset
1313 2038 1499 2093 fistula
1524 2039 1784 2107 caprum?

295 2125 350 2179 Si
378 2127 570 2195 nesciS,
599 2143 756 2181 meus
781 2125 874 2180 ille
899 2142 1064 2195 caper
1087 2126 1222 2191 fuit;
1263 2131 1321 2179 et
1345 2126 1481 2179 mihi
1506 2124 1725 2179 Damon

295 2208 419 2279 Ipse
443 2212 758 2280 fatebatur3
799 2212 892 2266 sed
925 2210 1156 2265 reddere
1179 2228 1342 2279 posse
1365 2212 1624 2280 negabat.

295 2296 442 2353 Man.
483 2298 775 2353 Cantando
801 2312 862 2353 tu
890 2299 1082 2353 illum?
1122 2305 1218 2353 aut
1241 2314 1503 2368 umquam
1528 2299 1629 2352 tibi
1654 2298 1837 2352 fistula
1863 2312 1988 2351 cera

295 2384 490 2439 Iuncta
513 2386 654 2439 fuit?
693 2400 806 2439 non
831 2390 893 2439 tu
919 2386 975 2438 in
1000 2384 1198 2451 triviis,
1225 2383 1465 2449 indocte,
1496 2384 1711 2439 solebas

293 2471 558 2526 Stridenti
585 2472 842 2526 miserum
869 2472 1072 2541 stipula
1095 2470 1413 2540 disperdere
1438 2471 1695 2525 carmen?

292 2556 451 2613 Dua.
491 2558 595 2613 Vis
619 2574 768 2627 ergo,
795 2559 943 2613 inter
967 2575 1084 2624 noe,
1117 2557 1248 2627 qnid
1273 2557 1445 2627 possit
1468 2562 1713 2626 uterque,
1744 2556 1983 2610 vicissim

291 2644 692 2715 Experiamur?
729 2662 833 2715 ego
856 2645 1001 2700 hanc
1026 2645 1401 2700 vitulam-ne
1426 2645 1575 2698 torte
1600 2660 1832 2709 recuses,

293 2730 390 2786 Bis
414 2733 565 2787 venit
589 2732 658 2787 ad
682 2731 993 2801 mulctram,
1021 2732 1184 2787 binos
1209 2732 1308 2786 alit
1333 2731 1503 2786 ubere
1527 2730 1745 2785 fetus-

291 2818 554 2889 Depone:
595 2824 658 2873 tu
682 2818 786 2888 dic,
813 2836 1030 2875 mecum
1055 2836 1165 2889 quo
1189 2820 1423 2887 pignore
1447 2822 1641 2873 certes.

191 2918 198 2929 “
291 2906 443 2961 Man.
481 2905 568 2961 De
592 2923 758 2976 grege
783 2923 896 2961 non
923 2906 1095 2961 ausim
1122 2907 1413 2976 quicquam
1440 2906 1718 2975 deponere
1740 2910 1956 2958 tecum:

290 2993 392 3048 Est
415 2993 552 3047 mihi
580 3010 817 3063 namque
841 2992 991 3049 domi
1017 2999 1190 3063 pater,
1219 2997 1304 3047 est
1330 2992 1536 3047 iniusta
1559 3008 1829 3059 noverca:

293 3080 495 3150 Bisque
519 3080 610 3135 die
633 3086 928 3135 numerant
952 3080 1114 3135 ambo
1139 3096 1319 3149 pecus,
1351 3080 1491 3133 alter
1514 3086 1573 3134 et
1594 3079 1819 3134 haedos.

293 3166 521 3231 Verum,
549 3166 608 3221 id
633 3167 780 3237 quod
807 3167 982 3221 multo
1009 3172 1127 3221 tute
1151 3166 1266 3235 ipse
1291 3166 1541 3222 fatebere
1564 3166 1813 3221 maius-—

294 3254 540 3309 Insanire
563 3253 700 3308 libet
725 3254 981 3323 quoniam
1007 3252 1379 3322 tibi—pocula
1404 3268 1609 3322 ponam

291 3338 516 3407 Fagins„
545 3339 818 3393 caelatum
843 3340 1016 3393 divini
1045 3355 1182 3408 opus
1207 3339 1641 3395 Alcimedontis:

290 3422 468 3477 Lenta
493 3424 690 3493 quibus
713 3430 878 3478 torno
903 3424 1060 3479 facili
1079 3425 1434 3495 superaddita
1455 3426 1585 3479 vitis

293 3504 539 3560 Diffusos
565 3506 768 3563 beders
791 3510 957 3564 vestit
980 3510 1224 3580 pallente
1248 3511 1557 3581 corymbos.

1376 3762 1393 3818 i

2266 1004 2330 1053 10

2266 1434 2329 1486 15

2263 1870 2331 1920 20

2260 2300 2329 2351 25

2258 2733 2332 2785 80

2258 3166 2327 3219 85

2671 1672 2681 1739 n...-
2670 1576 2678 1583 n
