<?xml version="1.0" encoding="UTF-8"?>
<!DOCTYPE html PUBLIC "-//W3C//DTD XHTML 1.0 Transitional//EN"
    "http://www.w3.org/TR/xhtml1/DTD/xhtml1-transitional.dtd">
<html xmlns="http://www.w3.org/1999/xhtml" xml:lang="en" lang="en">
 <head>
  <title>
</title>
<meta http-equiv="Content-Type" content="text/html;charset=utf-8" />
  <meta name='ocr-system' content='tesseract 3.04.00' />
  <meta name='ocr-capabilities' content='ocr_page ocr_carea ocr_par ocr_line ocrx_word'/>
</head>
<body>
  <div class='ocr_page' id='page_1' title='image "arevisedtextpoe01virggoog_0362.png"; bbox 0 0 2725 3892; ppageno 0'>
   <div class='ocr_carea' id='block_1_1' title="bbox 1000 190 1780 244">
    <p class='ocr_par' dir='ltr' id='par_1_1' title="bbox 1000 190 1780 244">
     <span class='ocr_line' id='line_1_1' title="bbox 1000 190 1780 244; baseline 0.001 -2"><span class='ocrx_word' id='word_1_1' title='bbox 1000 192 1205 243; x_wconf 80' lang='lat' dir='ltr'>VERGI</span> <span class='ocrx_word' id='word_1_2' title='bbox 1210 192 1275 242; x_wconf 86' lang='lat' dir='ltr'><strong>LI</strong></span> <span class='ocrx_word' id='word_1_3' title='bbox 1318 190 1650 244; x_wconf 68' lang='lat' dir='ltr'><strong>Auru-:mos</strong></span> <span class='ocrx_word' id='word_1_4' title='bbox 1691 192 1780 243; x_wconf 86' lang='lat' dir='ltr'><strong>XI.</strong></span> 
     </span>
    </p>
   </div>
   <div class='ocr_carea' id='block_1_2' title="bbox 331 318 2410 3557">
    <p class='ocr_par' dir='ltr' id='par_1_2' title="bbox 331 318 2410 3557">
     <span class='ocr_line' id='line_1_2' title="bbox 373 318 1652 449; baseline -0.002 -40"><span class='ocrx_word' id='word_1_5' title='bbox 373 356 505 413; x_wconf 86' lang='lat' dir='ltr'><strong>Tela</strong></span> <span class='ocrx_word' id='word_1_6' title='bbox 524 367 695 449; x_wconf 70' lang='lat' dir='ltr'><strong>pianu</strong></span> <span class='ocrx_word' id='word_1_7' title='bbox 719 356 829 409; x_wconf 87' lang='lat' dir='ltr'><strong>iam</strong></span> <span class='ocrx_word' id='word_1_8' title='bbox 855 318 973 409; x_wconf 88' lang='lat' dir='ltr'><strong>tum</strong></span> <span class='ocrx_word' id='word_1_9' title='bbox 1000 359 1193 409; x_wconf 88' lang='lat' dir='ltr'><strong>tenera</strong></span> <span class='ocrx_word' id='word_1_10' title='bbox 1216 354 1448 422; x_wconf 89' lang='lat' dir='ltr'><strong>puerilia</strong></span> <span class='ocrx_word' id='word_1_11' title='bbox 1473 354 1652 417; x_wconf 78' lang='lat' dir='ltr'><strong>torsit,</strong></span> 
     </span>
     <span class='ocr_line' id='line_1_3' title="bbox 372 422 1711 510; baseline -0.001 -13"><span class='ocrx_word' id='word_1_12' title='bbox 372 442 449 497; x_wconf 89' lang='lat' dir='ltr'><strong>Et</strong></span> <span class='ocrx_word' id='word_1_13' title='bbox 471 422 697 499; x_wconf 70' lang='lat' dir='ltr'><strong>fii‘nd&#39;am</strong></span> <span class='ocrx_word' id='word_1_14' title='bbox 723 442 888 496; x_wconf 90' lang='lat' dir='ltr'><strong>tereti</strong></span> <span class='ocrx_word' id='word_1_15' title='bbox 914 442 1119 495; x_wconf 89' lang='lat' dir='ltr'><strong>circum</strong></span> <span class='ocrx_word' id='word_1_16' title='bbox 1148 448 1315 510; x_wconf 82' lang='lat' dir='ltr'><strong>caput</strong></span> <span class='ocrx_word' id='word_1_17' title='bbox 1340 442 1457 510; x_wconf 78' lang='lat' dir='ltr'><strong>egit</strong></span> <span class='ocrx_word' id='word_1_18' title='bbox 1480 442 1711 505; x_wconf 80' lang='lat' dir='ltr'>habena,</span> 
     </span>
     <span class='ocr_line' id='line_1_4' title="bbox 374 528 2406 597; baseline 0 -14"><span class='ocrx_word' id='word_1_19' title='bbox 374 529 855 597; x_wconf 79' lang='lat' dir='ltr'><strong>Strymoniamque</strong></span> <span class='ocrx_word' id='word_1_20' title='bbox 880 544 1087 597; x_wconf 82' lang='lat' dir='ltr'>gruem,</span> <span class='ocrx_word' id='word_1_21' title='bbox 1118 536 1214 582; x_wconf 84' lang='lat' dir='ltr'><strong>aut</strong></span> <span class='ocrx_word' id='word_1_22' title='bbox 1240 528 1424 582; x_wconf 85' lang='lat' dir='ltr'><strong>album</strong></span> <span class='ocrx_word' id='word_1_23' title='bbox 1451 528 1656 583; x_wconf 83' lang='lat' dir='ltr'><strong>deiecit</strong></span> <span class='ocrx_word' id='word_1_24' title='bbox 1679 528 1906 583; x_wconf 86' lang='lat' dir='ltr'><strong>olorem.</strong></span> <span class='ocrx_word' id='word_1_25' title='bbox 2301 533 2406 584; x_wconf 78' lang='grc'><strong>580</strong></span> 
     </span>
     <span class='ocr_line' id='line_1_5' title="bbox 375 614 1888 685; baseline -0.002 -15"><span class='ocrx_word' id='word_1_26' title='bbox 375 614 581 670; x_wconf 82' lang='lat' dir='ltr'><strong>Multae</strong></span> <span class='ocrx_word' id='word_1_27' title='bbox 608 614 759 669; x_wconf 85' lang='lat' dir='ltr'><strong>illam</strong></span> <span class='ocrx_word' id='word_1_28' title='bbox 784 616 987 669; x_wconf 84' lang='lat' dir='ltr'><strong>frustra</strong></span> <span class='ocrx_word' id='word_1_29' title='bbox 1014 614 1301 682; x_wconf 81' lang='lat' dir='ltr'><strong>Tyrrhena</strong></span> <span class='ocrx_word' id='word_1_30' title='bbox 1326 629 1428 683; x_wconf 91' lang='lat' dir='ltr'><strong>per</strong></span> <span class='ocrx_word' id='word_1_31' title='bbox 1453 614 1653 685; x_wconf 85' lang='lat' dir='ltr'><strong>oppida</strong></span> <span class='ocrx_word' id='word_1_32' title='bbox 1679 620 1888 669; x_wconf 75' lang='lat' dir='ltr'><strong>matres</strong></span> 
     </span>
     <span class='ocr_line' id='line_1_6' title="bbox 374 702 1560 776; baseline -0.002 -19"><span class='ocrx_word' id='word_1_33' title='bbox 374 702 653 772; x_wconf 77' lang='lat' dir='ltr'>Optavere</span> <span class='ocrx_word' id='word_1_34' title='bbox 676 719 908 771; x_wconf 78' lang='lat' dir='ltr'><strong>nurum3</strong></span> <span class='ocrx_word' id='word_1_35' title='bbox 948 702 1065 756; x_wconf 85' lang='lat' dir='ltr'><strong>sola</strong></span> <span class='ocrx_word' id='word_1_36' title='bbox 1090 708 1353 776; x_wconf 86' lang='lat' dir='ltr'><strong>contenta</strong></span> <span class='ocrx_word' id='word_1_37' title='bbox 1379 702 1560 757; x_wconf 87' lang='lat' dir='ltr'><strong>Diana</strong></span> 
     </span>
     <span class='ocr_line' id='line_1_7' title="bbox 376 774 1747 869; baseline -0.001 -26"><span class='ocrx_word' id='word_1_38' title='bbox 376 776 685 866; x_wconf 49' lang='lat' dir='ltr'><strong>Aeternum</strong></span> <span class='ocrx_word' id='word_1_39' title='bbox 706 774 949 869; x_wconf 68' lang='lat' dir='ltr'><strong>telorum</strong></span> <span class='ocrx_word' id='word_1_40' title='bbox 970 794 1027 843; x_wconf 91' lang='lat' dir='ltr'><strong>et</strong></span> <span class='ocrx_word' id='word_1_41' title='bbox 1052 788 1386 868; x_wconf 79' lang='lat' dir='ltr'><strong>virginitatis</strong></span> <span class='ocrx_word' id='word_1_42' title='bbox 1411 804 1656 843; x_wconf 84' lang='lat' dir='ltr'><strong>amorem</strong></span> <span class='ocrx_word' id='word_1_43' title='bbox 1735 822 1747 841; x_wconf 48' lang='grc' dir='ltr'>κ</span> 
     </span>
     <span class='ocr_line' id='line_1_8' title="bbox 374 844 1840 947; baseline 0.001 -18"><span class='ocrx_word' id='word_1_44' title='bbox 374 876 709 947; x_wconf 69' lang='lat' dir='ltr'><strong>Intemerata</strong></span> <span class='ocrx_word' id='word_1_45' title='bbox 732 876 879 930; x_wconf 84' lang='lat' dir='ltr'><strong>colit.</strong></span> <span class='ocrx_word' id='word_1_46' title='bbox 930 844 1172 942; x_wconf 80' lang='lat' dir='ltr'><strong>Vellem</strong></span> <span class='ocrx_word' id='word_1_47' title='bbox 1199 875 1345 935; x_wconf 83' lang='lat' dir='ltr'><strong>haud</strong></span> <span class='ocrx_word' id='word_1_48' title='bbox 1369 882 1623 943; x_wconf 83' lang='lat' dir='ltr'><strong>correpta</strong></span> <span class='ocrx_word' id='word_1_49' title='bbox 1647 876 1840 931; x_wconf 81' lang='lat' dir='ltr'><strong>fuisset</strong></span> 
     </span>
     <span class='ocr_line' id='line_1_9' title="bbox 373 932 2406 1029; baseline -0 -12"><span class='ocrx_word' id='word_1_50' title='bbox 373 946 575 1017; x_wconf 82' lang='lat' dir='ltr'><strong>Militia</strong></span> <span class='ocrx_word' id='word_1_51' title='bbox 596 962 711 1029; x_wconf 86' lang='lat' dir='ltr'><strong>tali,</strong></span> <span class='ocrx_word' id='word_1_52' title='bbox 740 968 941 1017; x_wconf 85' lang='lat' dir='ltr'><strong>conata</strong></span> <span class='ocrx_word' id='word_1_53' title='bbox 964 932 1231 1016; x_wconf 76' lang='lat' dir='ltr'><strong>lacessere</strong></span> <span class='ocrx_word' id='word_1_54' title='bbox 1256 961 1531 1016; x_wconf 84' lang='lat' dir='ltr'><strong>Teucros:</strong></span> <span class='ocrx_word' id='word_1_55' title='bbox 2302 966 2406 1017; x_wconf 73' lang='lat'><strong>585</strong></span> 
     </span>
     <span class='ocr_line' id='line_1_10' title="bbox 374 1048 1849 1117; baseline 0.001 -14"><span class='ocrx_word' id='word_1_56' title='bbox 374 1048 517 1103; x_wconf 85' lang='lat' dir='ltr'><strong>Cara</strong></span> <span class='ocrx_word' id='word_1_57' title='bbox 540 1049 680 1103; x_wconf 90' lang='lat' dir='ltr'><strong>mihi</strong></span> <span class='ocrx_word' id='word_1_58' title='bbox 706 1050 1081 1117; x_wconf 77' lang='lat' dir='ltr'><strong>comitumque</strong></span> <span class='ocrx_word' id='word_1_59' title='bbox 1107 1048 1252 1102; x_wconf 82' lang='lat' dir='ltr'><strong>foret</strong></span> <span class='ocrx_word' id='word_1_60' title='bbox 1274 1064 1425 1103; x_wconf 88' lang='lat' dir='ltr'><strong>nunc</strong></span> <span class='ocrx_word' id='word_1_61' title='bbox 1451 1064 1562 1103; x_wconf 87' lang='lat' dir='ltr'><strong>una</strong></span> <span class='ocrx_word' id='word_1_62' title='bbox 1585 1064 1849 1105; x_wconf 86' lang='lat' dir='ltr'><strong>mearum.</strong></span> 
     </span>
     <span class='ocr_line' id='line_1_11' title="bbox 374 1134 1855 1205; baseline -0.001 -15"><span class='ocrx_word' id='word_1_63' title='bbox 374 1136 583 1191; x_wconf 85' lang='lat' dir='ltr'><strong>Verum</strong></span> <span class='ocrx_word' id='word_1_64' title='bbox 612 1152 728 1205; x_wconf 83' lang='lat' dir='ltr'><strong>age,</strong></span> <span class='ocrx_word' id='word_1_65' title='bbox 758 1134 1197 1205; x_wconf 87' lang='lat' dir='ltr'><strong>quandoquidem</strong></span> <span class='ocrx_word' id='word_1_66' title='bbox 1223 1134 1353 1189; x_wconf 84' lang='lat' dir='ltr'><strong>fatis</strong></span> <span class='ocrx_word' id='word_1_67' title='bbox 1375 1142 1604 1203; x_wconf 80' lang='lat' dir='ltr'><strong>urgetur</strong></span> <span class='ocrx_word' id='word_1_68' title='bbox 1629 1136 1855 1203; x_wconf 82' lang='lat' dir='ltr'><strong>acerbis,</strong></span> 
     </span>
     <span class='ocr_line' id='line_1_12' title="bbox 372 1220 1802 1294; baseline -0.001 -16"><span class='ocrx_word' id='word_1_69' title='bbox 372 1224 597 1294; x_wconf 86' lang='lat' dir='ltr'><strong>Labere,</strong></span> <span class='ocrx_word' id='word_1_70' title='bbox 627 1220 905 1293; x_wconf 86' lang='lat' dir='ltr'><strong>Nympha,</strong></span> <span class='ocrx_word' id='word_1_71' title='bbox 932 1222 1077 1291; x_wconf 88' lang='lat' dir='ltr'><strong>polo,</strong></span> <span class='ocrx_word' id='word_1_72' title='bbox 1104 1220 1375 1290; x_wconf 73' lang='lat' dir='ltr'><strong>finisque·</strong></span> <span class='ocrx_word' id='word_1_73' title='bbox 1360 1224 1536 1276; x_wconf 77' lang='lat' dir='ltr'><strong>invise</strong></span> <span class='ocrx_word' id='word_1_74' title='bbox 1558 1222 1802 1292; x_wconf 83' lang='lat' dir='ltr'><strong>Latinos,</strong></span> 
     </span>
     <span class='ocr_line' id='line_1_13' title="bbox 373 1310 1959 1391; baseline 0 -27"><span class='ocrx_word' id='word_1_75' title='bbox 373 1311 570 1365; x_wconf 78' lang='lat' dir='ltr'><strong>&#39;li-istis</strong></span> <span class='ocrx_word' id='word_1_76' title='bbox 594 1311 691 1364; x_wconf 89' lang='lat' dir='ltr'><strong>ubi</strong></span> <span class='ocrx_word' id='word_1_77' title='bbox 716 1310 959 1365; x_wconf 78' lang='lat' dir='ltr'><strong>infausto</strong></span> <span class='ocrx_word' id='word_1_78' title='bbox 984 1310 1351 1363; x_wconf 79' lang='lat' dir='ltr'><strong>committitur</strong></span> <span class='ocrx_word' id='word_1_79' title='bbox 1373 1311 1560 1385; x_wconf 85' lang='lat' dir='ltr'><strong>omine</strong></span> <span class='ocrx_word' id='word_1_80' title='bbox 1584 1326 1782 1379; x_wconf 84' lang='lat' dir='ltr'><strong>pugna.</strong></span> <span class='ocrx_word' id='word_1_81' title='bbox 1926 1358 1959 1391; x_wconf 97' lang='lat'>4</span> 
     </span>
     <span class='ocr_line' id='line_1_14' title="bbox 374 1378 2406 1466; baseline -0.001 -14"><span class='ocrx_word' id='word_1_82' title='bbox 374 1398 526 1452; x_wconf 87' lang='lat' dir='ltr'><strong>Haec</strong></span> <span class='ocrx_word' id='word_1_83' title='bbox 550 1414 699 1466; x_wconf 83' lang='lat' dir='ltr'><strong>cape,</strong></span> <span class='ocrx_word' id='word_1_84' title='bbox 728 1400 784 1450; x_wconf 90' lang='lat' dir='ltr'><strong>et</strong></span> <span class='ocrx_word' id='word_1_85' title='bbox 811 1396 1062 1450; x_wconf 86' lang='lat' dir='ltr'><strong>ultricem</strong></span> <span class='ocrx_word' id='word_1_86' title='bbox 1089 1396 1350 1465; x_wconf 85' lang='lat' dir='ltr'><strong>pharetra</strong></span> <span class='ocrx_word' id='word_1_87' title='bbox 1373 1378 1638 1465; x_wconf 85' lang='lat' dir='ltr'><strong>deprome</strong></span> <span class='ocrx_word' id='word_1_88' title='bbox 1663 1398 1952 1465; x_wconf 75' lang='lat' dir='ltr'><strong>sagittam:</strong></span> <span class='ocrx_word' id='word_1_89' title='bbox 2299 1400 2406 1451; x_wconf 72' lang='lat'><strong>590</strong></span> 
     </span>
     <span class='ocr_line' id='line_1_15' title="bbox 376 1482 1850 1556; baseline -0.001 -17"><span class='ocrx_word' id='word_1_90' title='bbox 376 1486 509 1554; x_wconf 86' lang='lat' dir='ltr'><strong>Hac,</strong></span> <span class='ocrx_word' id='word_1_91' title='bbox 538 1487 867 1556; x_wconf 83' lang='lat' dir='ltr'><strong>quicumque</strong></span> <span class='ocrx_word' id='word_1_92' title='bbox 892 1500 1105 1538; x_wconf 87' lang='lat' dir='ltr'><strong>sacrum</strong></span> <span class='ocrx_word' id='word_1_93' title='bbox 1138 1482 1361 1536; x_wconf 82' lang='lat' dir='ltr'><strong>violarit</strong></span> <span class='ocrx_word' id='word_1_94' title='bbox 1385 1484 1611 1537; x_wconf 81' lang='lat' dir='ltr'><strong>volnere</strong></span> <span class='ocrx_word' id='word_1_95' title='bbox 1635 1498 1850 1553; x_wconf 83' lang='lat' dir='ltr'><strong>corpus,</strong></span> 
     </span>
     <span class='ocr_line' id='line_1_16' title="bbox 372 1570 1840 1640; baseline -0.001 -14"><span class='ocrx_word' id='word_1_96' title='bbox 372 1571 508 1626; x_wconf 84' lang='lat' dir='ltr'><strong>Tros</strong></span> <span class='ocrx_word' id='word_1_97' title='bbox 532 1572 790 1639; x_wconf 79' lang='lat' dir='ltr'><strong>Italusve,</strong></span> <span class='ocrx_word' id='word_1_98' title='bbox 818 1572 955 1625; x_wconf 81' lang='lat' dir='ltr'><strong>mihi</strong></span> <span class='ocrx_word' id='word_1_99' title='bbox 982 1570 1187 1640; x_wconf 87' lang='lat' dir='ltr'><strong>pariter</strong></span> <span class='ocrx_word' id='word_1_100' title='bbox 1208 1570 1303 1623; x_wconf 88' lang='lat' dir='ltr'><strong>det</strong></span> <span class='ocrx_word' id='word_1_101' title='bbox 1328 1570 1593 1639; x_wconf 78' lang='lat' dir='ltr'><strong>sanguine</strong></span> <span class='ocrx_word' id='word_1_102' title='bbox 1617 1586 1840 1639; x_wconf 75' lang='lat' dir='ltr'><strong>poenas·</strong></span> 
     </span>
     <span class='ocr_line' id='line_1_17' title="bbox 373 1658 1818 1740; baseline -0.003 -25"><span class='ocrx_word' id='word_1_103' title='bbox 373 1660 510 1715; x_wconf 86' lang='lat' dir='ltr'><strong>Post</strong></span> <span class='ocrx_word' id='word_1_104' title='bbox 534 1678 637 1730; x_wconf 87' lang='lat' dir='ltr'><strong>ego</strong></span> <span class='ocrx_word' id='word_1_105' title='bbox 661 1661 809 1715; x_wconf 89' lang='lat' dir='ltr'><strong>nube</strong></span> <span class='ocrx_word' id='word_1_106' title='bbox 834 1675 969 1740; x_wconf 72' lang='lat' dir='ltr'><strong>caya</strong></span> <span class='ocrx_word' id='word_1_107' title='bbox 994 1658 1335 1729; x_wconf 79' lang='lat' dir='ltr'><strong>miserandae</strong></span> <span class='ocrx_word' id='word_1_108' title='bbox 1360 1674 1562 1728; x_wconf 85' lang='lat' dir='ltr'><strong>corpus</strong></span> <span class='ocrx_word' id='word_1_109' title='bbox 1584 1662 1641 1711; x_wconf 88' lang='lat' dir='ltr'><strong>et</strong></span> <span class='ocrx_word' id='word_1_110' title='bbox 1665 1674 1818 1711; x_wconf 84' lang='lat' dir='ltr'><strong>arma</strong></span> 
     </span>
     <span class='ocr_line' id='line_1_18' title="bbox 372 1740 1821 1820; baseline -0.001 -19"><span class='ocrx_word' id='word_1_111' title='bbox 372 1746 675 1817; x_wconf 84' lang='lat' dir='ltr'><strong>Inspoliata</strong></span> <span class='ocrx_word' id='word_1_112' title='bbox 695 1750 873 1820; x_wconf 64' lang='lat' dir='ltr'><strong>feram</strong></span> <span class='ocrx_word' id='word_1_113' title='bbox 900 1742 1128 1817; x_wconf 67' lang='lat' dir='ltr'><strong>tumtun,</strong></span> <span class='ocrx_word' id='word_1_114' title='bbox 1157 1740 1477 1818; x_wconf 74' lang='lat' dir='ltr'><strong>patriaeque</strong></span> <span class='ocrx_word' id='word_1_115' title='bbox 1503 1746 1821 1816; x_wconf 86' lang='lat' dir='ltr'><strong>reponam.”</strong></span> 
     </span>
     <span class='ocr_line' id='line_1_19' title="bbox 372 1833 2406 1905; baseline -0 -17"><span class='ocrx_word' id='word_1_116' title='bbox 372 1833 555 1903; x_wconf 81' lang='lat' dir='ltr'><strong>Dixit3</strong></span> <span class='ocrx_word' id='word_1_117' title='bbox 598 1846 655 1893; x_wconf 89' lang='lat' dir='ltr'><strong>at</strong></span> <span class='ocrx_word' id='word_1_118' title='bbox 682 1839 774 1894; x_wconf 85' lang='lat' dir='ltr'><strong>illa</strong></span> <span class='ocrx_word' id='word_1_119' title='bbox 796 1838 937 1893; x_wconf 81' lang='lat' dir='ltr'><strong>levis</strong></span> <span class='ocrx_word' id='word_1_120' title='bbox 962 1836 1100 1891; x_wconf 87' lang='lat' dir='ltr'><strong>caeli</strong></span> <span class='ocrx_word' id='word_1_121' title='bbox 1125 1836 1348 1905; x_wconf 86' lang='lat' dir='ltr'><strong>delapsa</strong></span> <span class='ocrx_word' id='word_1_122' title='bbox 1373 1852 1472 1905; x_wconf 87' lang='lat' dir='ltr'><strong>per</strong></span> <span class='ocrx_word' id='word_1_123' title='bbox 1505 1844 1666 1889; x_wconf 76' lang='lat' dir='ltr'><strong>auras</strong></span> <span class='ocrx_word' id='word_1_124' title='bbox 1770 1856 1790 1869; x_wconf 87' lang='lat'><strong>··</strong></span> <span class='ocrx_word' id='word_1_125' title='bbox 1825 1844 1832 1851; x_wconf 84' lang='lat'><strong>‘</strong></span> <span class='ocrx_word' id='word_1_126' title='bbox 2303 1835 2406 1888; x_wconf 71' lang='lat'><strong>595</strong></span> 
     </span>
     <span class='ocr_line' id='line_1_20' title="bbox 372 1924 1681 1995; baseline 0.001 -16"><span class='ocrx_word' id='word_1_127' title='bbox 372 1924 641 1993; x_wconf 81' lang='lat' dir='ltr'><strong>Insonuit,</strong></span> <span class='ocrx_word' id='word_1_128' title='bbox 671 1928 833 1995; x_wconf 85' lang='lat' dir='ltr'><strong>nigro</strong></span> <span class='ocrx_word' id='word_1_129' title='bbox 856 1927 1197 1981; x_wconf 85' lang='lat' dir='ltr'><strong>circumdata</strong></span> <span class='ocrx_word' id='word_1_130' title='bbox 1219 1926 1443 1979; x_wconf 87' lang='lat' dir='ltr'><strong>turbine</strong></span> <span class='ocrx_word' id='word_1_131' title='bbox 1467 1942 1681 1994; x_wconf 86' lang='lat' dir='ltr'><strong>corpus.</strong></span> 
     </span>
     <span class='ocr_line' id='line_1_21' title="bbox 335 2000 1795 2082; baseline 0 -16"><span class='ocrx_word' id='word_1_132' title='bbox 335 2000 383 2044; x_wconf 75' lang='lat' dir='ltr'><em>s</em></span> <span class='ocrx_word' id='word_1_133' title='bbox 444 2014 521 2066; x_wconf 85' lang='lat' dir='ltr'><strong>At</strong></span> <span class='ocrx_word' id='word_1_134' title='bbox 546 2030 742 2069; x_wconf 89' lang='lat' dir='ltr'><strong>manus</strong></span> <span class='ocrx_word' id='word_1_135' title='bbox 768 2014 981 2069; x_wconf 84' lang='lat' dir='ltr'><strong>interea</strong></span> <span class='ocrx_word' id='word_1_136' title='bbox 1004 2014 1176 2067; x_wconf 86' lang='lat' dir='ltr'><strong>muris</strong></span> <span class='ocrx_word' id='word_1_137' title='bbox 1200 2012 1439 2075; x_wconf 81' lang='lat' dir='ltr'><strong>Troiana</strong></span> <span class='ocrx_word' id='word_1_138' title='bbox 1461 2013 1795 2082; x_wconf 85' lang='lat' dir='ltr'><strong>propinquat</strong></span> 
     </span>
     <span class='ocr_line' id='line_1_22' title="bbox 372 2099 1778 2170; baseline 0 -18"><span class='ocrx_word' id='word_1_139' title='bbox 372 2099 697 2169; x_wconf 84' lang='lat' dir='ltr'><strong>Etruscique</strong></span> <span class='ocrx_word' id='word_1_140' title='bbox 716 2100 883 2156; x_wconf 88' lang='lat' dir='ltr'><strong>duces</strong></span> <span class='ocrx_word' id='word_1_141' title='bbox 908 2102 1260 2170; x_wconf 82' lang='lat' dir='ltr'><strong>equitumque</strong></span> <span class='ocrx_word' id='word_1_142' title='bbox 1286 2100 1560 2154; x_wconf 84' lang='lat' dir='ltr'><strong>exercitus</strong></span> <span class='ocrx_word' id='word_1_143' title='bbox 1583 2100 1778 2165; x_wconf 88' lang='lat' dir='ltr'><strong>omnis,</strong></span> 
     </span>
     <span class='ocr_line' id='line_1_23' title="bbox 373 2186 1970 2260; baseline -0.001 -19"><span class='ocrx_word' id='word_1_144' title='bbox 373 2186 681 2255; x_wconf 76' lang='lat' dir='ltr'><strong>compositi</strong></span> <span class='ocrx_word' id='word_1_145' title='bbox 708 2205 941 2243; x_wconf 87' lang='lat' dir='ltr'><strong>numero</strong></span> <span class='ocrx_word' id='word_1_146' title='bbox 964 2190 1021 2241; x_wconf 92' lang='lat' dir='ltr'><strong>in</strong></span> <span class='ocrx_word' id='word_1_147' title='bbox 1048 2194 1285 2242; x_wconf 66' lang='lat' dir='ltr'><strong>turmas:</strong></span> <span class='ocrx_word' id='word_1_148' title='bbox 1350 2186 1563 2240; x_wconf 86' lang='lat' dir='ltr'><strong>Fremit</strong></span> <span class='ocrx_word' id='word_1_149' title='bbox 1587 2202 1825 2260; x_wconf 76' lang='lat' dir='ltr'><strong>aequore</strong></span> <span class='ocrx_word' id='word_1_150' title='bbox 1849 2190 1970 2239; x_wconf 88' lang='lat' dir='ltr'><strong>toto</strong></span> 
     </span>
     <span class='ocr_line' id='line_1_24' title="bbox 372 2272 2409 2345; baseline 0 -20"><span class='ocrx_word' id='word_1_151' title='bbox 372 2272 651 2330; x_wconf 83' lang='lat' dir='ltr'><strong>Insultans</strong></span> <span class='ocrx_word' id='word_1_152' title='bbox 676 2276 917 2345; x_wconf 82' lang='lat' dir='ltr'><strong>sonipes„</strong></span> <span class='ocrx_word' id='word_1_153' title='bbox 938 2280 994 2329; x_wconf 87' lang='lat' dir='ltr'><strong>et</strong></span> <span class='ocrx_word' id='word_1_154' title='bbox 1018 2276 1221 2345; x_wconf 81' lang='lat' dir='ltr'><strong>pressis</strong></span> <span class='ocrx_word' id='word_1_155' title='bbox 1245 2282 1453 2344; x_wconf 80' lang='lat' dir='ltr'><strong>pugnat</strong></span> <span class='ocrx_word' id='word_1_156' title='bbox 1477 2274 1705 2329; x_wconf 79' lang='lat' dir='ltr'><strong>habenis</strong></span> <span class='ocrx_word' id='word_1_157' title='bbox 2303 2274 2409 2327; x_wconf 81' lang='grc'><strong>600</strong></span> 
     </span>
     <span class='ocr_line' id='line_1_25' title="bbox 373 2345 1765 2429; baseline 0.002 -17"><span class='ocrx_word' id='word_1_158' title='bbox 373 2358 498 2414; x_wconf 83' lang='grc' dir='ltr'><strong>Ηιιο</strong></span> <span class='ocrx_word' id='word_1_159' title='bbox 522 2361 787 2415; x_wconf 82' lang='lat' dir='ltr'><strong>obversus</strong></span> <span class='ocrx_word' id='word_1_160' title='bbox 810 2368 868 2416; x_wconf 87' lang='lat' dir='ltr'><strong>et</strong></span> <span class='ocrx_word' id='word_1_161' title='bbox 892 2362 1033 2429; x_wconf 86' lang='lat' dir='ltr'><strong>huc;</strong></span> <span class='ocrx_word' id='word_1_162' title='bbox 1073 2368 1193 2416; x_wconf 89' lang='lat' dir='ltr'><strong>tum</strong></span> <span class='ocrx_word' id='word_1_163' title='bbox 1220 2362 1331 2415; x_wconf 86' lang='lat' dir='ltr'><strong>late</strong></span> <span class='ocrx_word' id='word_1_164' title='bbox 1358 2345 1567 2416; x_wconf 78' lang='lat' dir='ltr'><strong>ferreus</strong></span> <span class='ocrx_word' id='word_1_165' title='bbox 1593 2361 1765 2416; x_wconf 84' lang='lat' dir='ltr'><strong>hastis</strong></span> 
     </span>
     <span class='ocr_line' id='line_1_26' title="bbox 354 2446 1860 2585; baseline 0.001 -85"><span class='ocrx_word' id='word_1_166' title='bbox 354 2446 582 2585; x_wconf 41' lang='lat' dir='ltr'><strong>{erret</strong></span> <span class='ocrx_word' id='word_1_167' title='bbox 606 2464 751 2517; x_wconf 81' lang='lat' dir='ltr'><strong>ager,</strong></span> <span class='ocrx_word' id='word_1_168' title='bbox 781 2448 1067 2517; x_wconf 82' lang='lat' dir='ltr'><strong>campique</strong></span> <span class='ocrx_word' id='word_1_169' title='bbox 1094 2448 1261 2503; x_wconf 82' lang='lat' dir='ltr'><strong>armis</strong></span> <span class='ocrx_word' id='word_1_170' title='bbox 1297 2448 1619 2503; x_wconf 81' lang='lat' dir='ltr'><strong>sublimibus</strong></span> <span class='ocrx_word' id='word_1_171' title='bbox 1644 2448 1860 2503; x_wconf 81' lang='lat' dir='ltr'><strong>ardent.</strong></span> 
     </span>
     <span class='ocr_line' id='line_1_27' title="bbox 353 2534 1702 2607; baseline 0 -20"><span class='ocrx_word' id='word_1_172' title='bbox 353 2552 355 2554; x_wconf 63' lang='grc'><strong><em>’</em></strong></span> <span class='ocrx_word' id='word_1_173' title='bbox 432 2550 493 2588; x_wconf 89' lang='lat' dir='ltr'><strong>ec</strong></span> <span class='ocrx_word' id='word_1_174' title='bbox 516 2550 631 2588; x_wconf 90' lang='lat' dir='ltr'><strong>non</strong></span> <span class='ocrx_word' id='word_1_175' title='bbox 655 2534 939 2604; x_wconf 80' lang='lat' dir='ltr'><strong>Messapus</strong></span> <span class='ocrx_word' id='word_1_176' title='bbox 963 2542 1159 2590; x_wconf 86' lang='lat' dir='ltr'><strong>contra</strong></span> <span class='ocrx_word' id='word_1_177' title='bbox 1182 2536 1495 2607; x_wconf 87' lang='lat' dir='ltr'><strong>celeresque</strong></span> <span class='ocrx_word' id='word_1_178' title='bbox 1520 2534 1702 2589; x_wconf 82' lang='lat' dir='ltr'><strong>Latini</strong></span> 
     </span>
     <span class='ocr_line' id='line_1_28' title="bbox 372 2614 1736 2691; baseline 0.002 -18"><span class='ocrx_word' id='word_1_179' title='bbox 372 2618 447 2673; x_wconf 87' lang='lat' dir='ltr'><strong>Et</strong></span> <span class='ocrx_word' id='word_1_180' title='bbox 470 2636 593 2674; x_wconf 89' lang='lat' dir='ltr'><strong>cum</strong></span> <span class='ocrx_word' id='word_1_181' title='bbox 621 2622 797 2676; x_wconf 82' lang='lat' dir='ltr'><strong>fratre</strong></span> <span class='ocrx_word' id='word_1_182' title='bbox 824 2614 995 2676; x_wconf 80' lang='lat' dir='ltr'><strong>Coras</strong></span> <span class='ocrx_word' id='word_1_183' title='bbox 1020 2628 1077 2676; x_wconf 86' lang='lat' dir='ltr'><strong>et</strong></span> <span class='ocrx_word' id='word_1_184' title='bbox 1104 2622 1334 2691; x_wconf 83' lang='lat' dir='ltr'><strong>virginis</strong></span> <span class='ocrx_word' id='word_1_185' title='bbox 1361 2622 1448 2676; x_wconf 83' lang='lat' dir='ltr'><strong>ala</strong></span> <span class='ocrx_word' id='word_1_186' title='bbox 1473 2621 1736 2676; x_wconf 85' lang='lat' dir='ltr'><strong>Camillae</strong></span> 
     </span>
     <span class='ocr_line' id='line_1_29' title="bbox 374 2706 2408 2778; baseline -0.001 -16"><span class='ocrx_word' id='word_1_187' title='bbox 374 2706 612 2762; x_wconf 80' lang='lat' dir='ltr'><strong>Adversi</strong></span> <span class='ocrx_word' id='word_1_188' title='bbox 638 2724 833 2778; x_wconf 87' lang='lat' dir='ltr'><strong>campo</strong></span> <span class='ocrx_word' id='word_1_189' title='bbox 861 2714 1148 2777; x_wconf 84' lang='lat' dir='ltr'><strong>apparent,</strong></span> <span class='ocrx_word' id='word_1_190' title='bbox 1178 2710 1472 2778; x_wconf 77' lang='lat' dir='ltr'><strong>hastasqpe</strong></span> <span class='ocrx_word' id='word_1_191' title='bbox 1497 2708 1740 2762; x_wconf 84' lang='lat' dir='ltr'><strong>reductis</strong></span> <span class='ocrx_word' id='word_1_192' title='bbox 2305 2708 2408 2760; x_wconf 78' lang='lat'><strong>605</strong></span> 
     </span>
     <span class='ocr_line' id='line_1_30' title="bbox 374 2787 1760 2865; baseline 0.002 -19"><span class='ocrx_word' id='word_1_193' title='bbox 374 2787 725 2849; x_wconf 85' lang='lat' dir='ltr'><strong>Protendunt</strong></span> <span class='ocrx_word' id='word_1_194' title='bbox 749 2795 913 2863; x_wconf 81' lang='lat' dir='ltr'><strong>longe</strong></span> <span class='ocrx_word' id='word_1_195' title='bbox 937 2795 1160 2861; x_wconf 85' lang='lat' dir='ltr'><strong>dextris,</strong></span> <span class='ocrx_word' id='word_1_196' title='bbox 1192 2802 1248 2849; x_wconf 88' lang='lat' dir='ltr'><strong>et</strong></span> <span class='ocrx_word' id='word_1_197' title='bbox 1274 2794 1484 2865; x_wconf 74' lang='lat' dir='ltr'><strong>spicula</strong></span> <span class='ocrx_word' id='word_1_198' title='bbox 1509 2796 1760 2859; x_wconf 68' lang='lat' dir='ltr'><strong>vibrantz,</strong></span> 
     </span>
     <span class='ocr_line' id='line_1_31' title="bbox 374 2880 1935 2952; baseline 0.002 -19"><span class='ocrx_word' id='word_1_199' title='bbox 374 2880 773 2951; x_wconf 83' lang='lat' dir='ltr'><strong>Adventusque</strong></span> <span class='ocrx_word' id='word_1_200' title='bbox 798 2882 1363 2952; x_wconf 70' lang='lat' dir='ltr'><strong>virum-fremitusque</strong></span> <span class='ocrx_word' id='word_1_201' title='bbox 1391 2882 1629 2937; x_wconf 82' lang='lat' dir='ltr'><strong>ardescit</strong></span> <span class='ocrx_word' id='word_1_202' title='bbox 1653 2898 1935 2952; x_wconf 87' lang='lat' dir='ltr'><strong>equorum.</strong></span> 
     </span>
     <span class='ocr_line' id='line_1_32' title="bbox 331 2968 1728 3039; baseline 0.001 -18"><span class='ocrx_word' id='word_1_203' title='bbox 331 2987 341 2998; x_wconf 79' lang='grc'>’</span> <span class='ocrx_word' id='word_1_204' title='bbox 374 2968 601 3037; x_wconf 82' lang='lat' dir='ltr'><strong>Ianique</strong></span> <span class='ocrx_word' id='word_1_205' title='bbox 624 2969 773 3024; x_wconf 84' lang='lat' dir='ltr'><strong>intra</strong></span> <span class='ocrx_word' id='word_1_206' title='bbox 795 2970 1002 3024; x_wconf 87' lang='lat' dir='ltr'><strong>iactum</strong></span> <span class='ocrx_word' id='word_1_207' title='bbox 1028 2970 1127 3023; x_wconf 86' lang='lat' dir='ltr'><strong>teli</strong></span> <span class='ocrx_word' id='word_1_208' title='bbox 1151 2969 1474 3039; x_wconf 76' lang='lat' dir='ltr'><strong>progressus</strong></span> <span class='ocrx_word' id='word_1_209' title='bbox 1495 2975 1728 3039; x_wconf 83' lang='lat' dir='ltr'><strong>uterque</strong></span> 
     </span>
     <span class='ocr_line' id='line_1_33' title="bbox 376 3054 1946 3134; baseline 0 -25"><span class='ocrx_word' id='word_1_210' title='bbox 376 3054 755 3134; x_wconf 63' lang='lat' dir='ltr'><strong>Constiterat3</strong></span> <span class='ocrx_word' id='word_1_211' title='bbox 786 3056 1296 3124; x_wconf 81' lang='lat' dir='ltr'><strong>subito&#39;erumpunt</strong></span> <span class='ocrx_word' id='word_1_212' title='bbox 1321 3056 1577 3122; x_wconf 86' lang='lat' dir='ltr'><strong>clamore,</strong></span> <span class='ocrx_word' id='word_1_213' title='bbox 1605 3056 1946 3127; x_wconf 80' lang='lat' dir='ltr'><strong>furentisque</strong></span> 
     </span>
     <span class='ocr_line' id='line_1_34' title="bbox 372 3141 2410 3211; baseline -0.001 -16"><span class='ocrx_word' id='word_1_214' title='bbox 372 3141 755 3195; x_wconf 82' lang='lat' dir='ltr'><strong>Exhortantur</strong></span> <span class='ocrx_word' id='word_1_215' title='bbox 779 3158 982 3211; x_wconf 81' lang='lat' dir='ltr'><strong>equos3</strong></span> <span class='ocrx_word' id='word_1_216' title='bbox 1023 3142 1265 3197; x_wconf 82' lang='lat' dir='ltr'><strong>fundunt</strong></span> <span class='ocrx_word' id='word_1_217' title='bbox 1290 3142 1453 3195; x_wconf 80' lang='lat' dir='ltr'><strong>simul</strong></span> <span class='ocrx_word' id='word_1_218' title='bbox 1480 3142 1722 3211; x_wconf 86' lang='lat' dir='ltr'><strong>undique</strong></span> <span class='ocrx_word' id='word_1_219' title='bbox 1749 3141 1859 3195; x_wconf 79' lang='lat' dir='ltr'><strong>tela</strong></span> <span class='ocrx_word' id='word_1_220' title='bbox 2307 3142 2410 3193; x_wconf 72' lang='lat'><strong>⁶10</strong></span> 
     </span>
     <span class='ocr_line' id='line_1_35' title="bbox 375 3223 1800 3298; baseline 0 -18"><span class='ocrx_word' id='word_1_221' title='bbox 375 3228 585 3280; x_wconf 82' lang='lat' dir='ltr'><strong>Crebra</strong></span> <span class='ocrx_word' id='word_1_222' title='bbox 608 3223 900 3297; x_wconf 85' lang='lat' dir='ltr'><strong>nivis&#39;ritu,</strong></span> <span class='ocrx_word' id='word_1_223' title='bbox 931 3229 1251 3298; x_wconf 84' lang='lat' dir='ltr'><strong>caelumque</strong></span> <span class='ocrx_word' id='word_1_224' title='bbox 1279 3230 1564 3282; x_wconf 86' lang='lat' dir='ltr'><strong>obtexitur</strong></span> <span class='ocrx_word' id='word_1_225' title='bbox 1589 3229 1800 3281; x_wconf 87' lang='lat' dir='ltr'><strong>umbra.</strong></span> 
     </span>
     <span class='ocr_line' id='line_1_36' title="bbox 376 3312 1814 3381; baseline 0 -16"><span class='ocrx_word' id='word_1_226' title='bbox 376 3312 655 3365; x_wconf 80' lang='lat' dir='ltr'><strong>Continuo</strong></span> <span class='ocrx_word' id='word_1_227' title='bbox 682 3314 923 3368; x_wconf 82' lang='lat' dir='ltr'><strong>adversis</strong></span> <span class='ocrx_word' id='word_1_228' title='bbox 948 3313 1269 3381; x_wconf 78' lang='lat' dir='ltr'><strong>Tyrrhenus</strong></span> <span class='ocrx_word' id='word_1_229' title='bbox 1294 3320 1352 3369; x_wconf 89' lang='lat' dir='ltr'><strong>et</strong></span> <span class='ocrx_word' id='word_1_230' title='bbox 1379 3332 1504 3369; x_wconf 83' lang='lat' dir='ltr'><strong>acer</strong></span> <span class='ocrx_word' id='word_1_231' title='bbox 1531 3314 1814 3369; x_wconf 78' lang='lat' dir='ltr'><strong>Aconteus</strong></span> 
     </span>
     <span class='ocr_line' id='line_1_37' title="bbox 376 3398 1646 3471; baseline 0.004 -21"><span class='ocrx_word' id='word_1_232' title='bbox 376 3398 575 3450; x_wconf 84' lang='lat' dir='ltr'><strong>Conixi</strong></span> <span class='ocrx_word' id='word_1_233' title='bbox 602 3398 890 3453; x_wconf 83' lang='lat' dir='ltr'><strong>incurrunt</strong></span> <span class='ocrx_word' id='word_1_234' title='bbox 912 3400 1103 3467; x_wconf 85' lang='lat' dir='ltr'><strong>hastis,</strong></span> <span class='ocrx_word' id='word_1_235' title='bbox 1134 3402 1405 3471; x_wconf 84' lang='lat' dir='ltr'><strong>primique</strong></span> <span class='ocrx_word' id='word_1_236' title='bbox 1429 3401 1646 3455; x_wconf 87' lang='lat' dir='ltr'><strong>ruinam</strong></span> 
     </span>
     <span class='ocr_line' id='line_1_38' title="bbox 377 3480 1945 3557; baseline 0.005 -24"><span class='ocrx_word' id='word_1_237' title='bbox 377 3480 531 3535; x_wconf 88' lang='lat' dir='ltr'><strong>Dant</strong></span> <span class='ocrx_word' id='word_1_238' title='bbox 554 3484 737 3537; x_wconf 81' lang='lat' dir='ltr'><strong>sonitu</strong></span> <span class='ocrx_word' id='word_1_239' title='bbox 762 3486 992 3553; x_wconf 80' lang='lat' dir='ltr'><strong>ingenti,</strong></span> <span class='ocrx_word' id='word_1_240' title='bbox 1020 3488 1404 3557; x_wconf 81' lang='lat' dir='ltr'><strong>perfractaque</strong></span> <span class='ocrx_word' id='word_1_241' title='bbox 1429 3486 1945 3557; x_wconf 85' lang='lat' dir='ltr'><strong>quadrupedantum</strong></span> 
     </span>
    </p>
   </div>
  </div>
 </body>
</html>
