2725 3892
1021 359 1295 411 vanam
1340 357 1600 432 actosa
1647 360 1738 410 111.

358 524 432 592 Et
455 524 639 592 faciet,
668 523 924 592 quoniam
948 521 1177 576 sordent
1200 521 1302 576 tibi
1328 538 1562 576 munera
1585 526 1788 577 nostra.

358 610 483 665 Huc
506 610 653 678 ades,
681 625 716 663 o
742 609 981 664 formose
1006 625 1171 678 puer:
1212 607 1317 662 tibi
1340 607 1458 664 lilia
1481 608 1676 678 plenis,

356 697 517 766 Ecce,
546 697 737 751 ferunt
761 695 1057 766 Nymphae
1082 694 1341 762 calathis;
1384 695 1486 749 tibi
1512 694 1746 750 candida
1773 694 1924 764 Nais,

356 783 619 839 Pallantis
644 782 816 838 violas
841 787 899 836 et
922 798 1141 835 summa
1166 797 1444 850 papavera
1465 797 1710 850 carpens,

358 869 675 925 Narcissum
703 874 761 923 et
784 868 977 922 florem
1002 867 1183 936 iungit
1208 867 1349 922 bene
1374 867 1574 922 olentis
1597 867 1814 932 anethi;

358 955 492 1010 Tum
518 956 666 1010 casia
689 961 854 1025 atque
880 953 1003 1009 aliis
1024 954 1281 1008 intexens
1306 953 1565 1008 suavibus
1587 953 1774 1008 herbis

358 1041 545 1098 Mollia
568 1041 775 1096 luteola
799 1039 978 1111 pingit
1002 1040 1250 1096 vaccinia
1273 1039 1474 1094 caltha.

356 1127 481 1198 Ipse
506 1145 611 1198 ego
635 1144 775 1183 cana
796 1128 977 1198 legam
1001 1131 1195 1182 tenera
1216 1127 1475 1193 lanugine
1499 1127 1658 1194 mala,

357 1215 765 1286 Castaneasque
788 1230 973 1283 nuces,
1002 1230 1127 1268 mea
1152 1229 1287 1284 quas
1311 1214 1614 1282 Amaryllis
1635 1214 1885 1282 amabat;

357 1302 575 1358 Addam
602 1319 763 1358 cerea
786 1317 995 1372 pruna:
1033 1301 1213 1356 honos
1236 1301 1343 1356 erit
1368 1300 1498 1355 huic
1523 1317 1740 1370 quoque
1765 1317 1960 1372 pomo;

355 1389 429 1445 Et
453 1406 565 1458 voa,
595 1405 631 1444 o
654 1390 812 1456 lauri,
841 1403 1081 1460 carpam,
1112 1395 1171 1442 et
1194 1394 1266 1456 te,
1294 1389 1548 1456 proxima
1573 1393 1770 1456 myrte,

356 1475 449 1532 Sic
472 1477 681 1546 positae
706 1477 967 1547 quoniam
993 1476 1177 1530 suavis
1200 1474 1444 1530 miscetis
1476 1473 1686 1530 odores.

358 1562 615 1618 Rusticus
638 1579 714 1630 es,
742 1561 1038 1630 Corydon:
1080 1577 1183 1615 nec
1208 1577 1439 1616 munera
1463 1567 1620 1616 curat
1645 1561 1852 1630 Alexis,

356 1647 489 1718 Nec,
518 1649 565 1704 si
589 1649 911 1704 muneribus
934 1653 1125 1714 certes,
1156 1647 1424 1702 concedat
1450 1647 1632 1704 Iollas.

356 1735 495 1800 Heu,
522 1735 661 1791 heu!
702 1735 833 1805 quid
858 1734 1009 1790 volui
1036 1735 1239 1790 misero
1262 1735 1436 1790 mihi?
1473 1735 1702 1791 floribus
1723 1743 1971 1791 austrum

354 1821 609 1878 Pei-ditus
633 1827 693 1878 et
712 1821 935 1892 liquidis
959 1822 1161 1876 immisi
1184 1821 1432 1876 fontibus
1458 1838 1636 1891 apros.

357 1910 532 1976 Quem
556 1910 719 1980 fugis,
747 1909 835 1976 ah,
863 1909 1125 1964 demens?
1162 1908 1486 1965 habitarunt
1510 1910 1566 1966 di
1593 1925 1811 1980 quoque
1833 1911 1998 1966 silvas

356 1995 774 2067 Dardaniusque
796 1994 970 2051 Paris.
1046 1995 1243 2064 Pallas,
1274 2011 1412 2066 quas
1437 1996 1682 2052 condidit
1707 2012 1874 2066 arces,

356 2083 483 2155 Ipsa
504 2086 680 2155 colat3
719 2086 881 2142 nobis
905 2087 1163 2157 placeant
1187 2091 1317 2142 ante
1341 2087 1534 2142 omnia
1554 2085 1742 2140 silvae.

356 2171 537 2228 Torva
556 2173 753 2228 leaena
776 2172 965 2242 lupum
989 2173 1251 2244 sequitur,
1278 2173 1442 2242 lupus
1467 2175 1585 2243 ipse
1608 2172 1874 2243 capellam
1895 2193 1910 2236 ς

354 2257 677 2314 Florentem
703 2259 937 2326 cytisum
960 2261 1209 2330 sequitur
1233 2260 1440 2316 lasciva
1461 2260 1698 2330 capella3

354 2343 430 2399 Te
456 2342 738 2412 Corydon,
768 2361 803 2398 o
828 2344 1020 2401 Alexi:
1062 2338 1235 2401 trahit
1260 2362 1361 2402 sua
1387 2361 1656 2416 quemque
1682 2347 1950 2418 voluptas.

352 2430 577 2500 Aspice,
605 2439 790 2486 aratra
814 2432 945 2502 iugo
969 2433 1223 2488 referunt
1246 2449 1510 2503 suspensa
1534 2433 1768 2502 iuvenci,

353 2514 430 2570 Et
451 2517 533 2572 sol
557 2518 855 2573 crescentis
879 2518 1151 2576 decedens
1174 2519 1418 2588 duplicat
1443 2519 1694 2575 umbras:

356 2599 443 2656 Me
465 2611 654 2659 tamen
677 2605 793 2658 urit
816 2619 1001 2672 amm-3
1044 2605 1165 2674 quis
1190 2606 1339 2660 enim
1364 2606 1564 2660 modus
1588 2607 1732 2662 adsit
1755 2609 1966 2662 amori?

356 2687 461 2758 Ah,
488 2689 773 2760 Corydon,
802 2690 1081 2759 Corydon,
1110 2707 1249 2761 quae
1273 2697 1331 2746 te
1354 2692 1636 2748 dementia
1659 2693 1834 2763 cepitl

357 2771 694 2848 Semiputata
716 2776 821 2831 tibi
846 2777 1111 2833 frondosa
1136 2778 1263 2832 vitis
1287 2781 1346 2832 in
1374 2779 1522 2834 ulmo
1549 2785 1647 2834 est.
1791 2831 1812 2844 ,

357 2857 496 2925 Quin
522 2871 585 2918 tu
611 2862 819 2932 aliquid
846 2863 1041 2919 saltem
1068 2865 1270 2934 potius,
1300 2881 1534 2934 quorum
1559 2866 1772 2936 indiget
1797 2883 1940 2936 usus,

356 2944 672 3004 viminibus
697 2947 960 3020 mollique
982 2965 1147 3020 paras
1170 2950 1428 3006 detexere
1451 2952 1650 3008 iunco?

359 3029 605 3091 Invenies
629 3035 815 3105 alium,
844 3037 889 3090 si
915 3043 973 3092 te
998 3035 1093 3090 hic
1116 3037 1347 3107 fastidit,
1379 3037 1618 3094 Alexim.

1274 3209 1464 3216 ———-—-—.--

1144 3317 1446 3376 ECLOGA
1492 3319 1594 3375 111.

806 3448 1123 3494 muamus·
1197 3455 1521 3496 ΠΑΠΟΕΤΑΒ.
1595 3455 1921 3496 PALAEMON.

360 3545 499 3608 Hm.
536 3553 643 3609 Dic
667 3553 819 3624 mihi,
848 3551 1137 3624 Damoeta,
1165 3558 1347 3612 cuium
1373 3558 1576 3627 pecus?
1613 3573 1686 3614 an
1711 3556 2006 3614 Meliboei?

358 3630 503 3770 Daui
540 3637 689 3710 Non,
721 3655 913 3694 verum
940 3641 1219 3709 Aegonis3
1258 3659 1437 3712 nuper
1460 3645 1598 3698 mihi
1625 3643 1856 3700 tradidit
1881 3645 2098 3711 Aegon.

2323 1044 2392 1094 50

2325 1479 2394 1530 55

2325 1915 2394 1968 60

2323 2351 2390 2404 65
