2725 3892
931 194 1208 247 VERGILI
1253 194 1471 246 GEORG
1478 195 1629 246 1003
1674 196 1715 247 1.

301 352 570 425 Tempore
595 372 926 426 quamquam
951 355 1050 409 illo
1073 355 1238 410 tellus
1261 372 1481 425 quoque
1506 362 1565 410 et
1589 372 1831 426 aequora
1856 357 2029 426 ponti,

302 441 694 511 Obscenaeque
719 458 900 510 cauea,
927 442 1389 512 importunaeque
1413 442 1668 498 volucres

303 526 470 595 Signa
492 527 713 582 dabant.
790 528 1062 595 Quotiens
1088 528 1393 597 Cyclopum
1418 529 1689 584 effervere
1712 530 1771 583 in
1797 546 1961 599 agros

303 612 562 669 Vidimus
584 613 886 669 undantem
911 616 1089 685 ruptis
1109 615 1427 671 fornacibus
1452 617 1708 685 Aetnam,

301 700 778 771 Flammarumque
801 700 996 771 globos
1017 702 1420 773 liquefactaque
1444 702 1671 758 volvere
1692 705 1853 758 saxa!

302 788 602 842 Armorum
626 788 869 842 sonitum
893 794 1014 844 toto
1041 787 1341 844 Germania
1359 790 1517 845 caelo

302 875 527 941 Audiit3
565 875 800 929 insolitis
823 880 1174 930 tremuerunt
1201 877 1447 931 motibus
1470 877 1660 947 Alpes.

303 962 433 1017 Vox
457 978 676 1031 quoque
699 978 800 1032 per
823 962 982 1016 lucos
1003 962 1170 1033 volgo
1195 964 1457 1019 exaudita
1484 962 1695 1020 silentis

301 1049 518 1119 Ingens,
547 1054 604 1103 et
628 1048 926 1104 simulacra
945 1050 1125 1105 modis
1147 1050 1418 1119 pallentia
1436 1052 1593 1107 miris

301 1136 439 1192 Visa
461 1138 563 1191 sub
589 1138 883 1191 obscurum
909 1138 1117 1204 noctis;
1158 1140 1504 1209 pecudesque
1527 1141 1814 1195 locutae-—

301 1224 594 1280 Infandum
614 1223 910 1280 l-eistunt
933 1240 1134 1293 amnes,
1165 1233 1455 1297 terraeque
1480 1227 1789 1297 dehiscunt,

300 1312 375 1366 Et
397 1316 665 1365 maestum
691 1311 1002 1367 inlacrimat
1025 1313 1247 1383 templis
1269 1314 1425 1383 ebur,
1452 1330 1691 1383 aeraque
1726 1314 1944 1369 sudant.

301 1398 517 1453 Proluit
541 1399 735 1453 insano
759 1403 1134 1467 contorquens
1159 1400 1366 1455 vertice
1392 1401 1561 1457 silvas

299 1485 622 1541 Fluviorum
643 1502 744 1541 rex
767 1485 1060 1556 Eridanus,
1087 1502 1421 1557 camposque
1446 1504 1547 1557 per
1570 1489 1749 1542 omnis

302 1572 442 1627 Cum
465 1572 697 1627 stabulis
721 1578 974 1627 armenta
998 1573 1143 1629 tulit.
1219 1570 1342 1629 Nec
1363 1581 1619 1644 tempore
1642 1575 1840 1629 eodem

299 1659 570 1715 Tristibus
593 1664 690 1714 aut
715 1660 859 1714 extis
881 1660 1054 1739 fibrae
1079 1676 1345 1730 apparere
1372 1662 1629 1730 minaces,

301 1752 420 1802 Aut
439 1746 624 1818 puteis
647 1764 874 1803 manare
897 1763 1062 1802 cruor
1087 1749 1334 1816 cessavit,
1363 1754 1423 1802 et
1446 1748 1593 1803 altae

299 1835 410 1889 Per
431 1839 653 1889 noctem
679 1850 938 1889 resonare
960 1834 1106 1905 lupis
1128 1834 1467 1890 ululantibus
1494 1836 1676 1891 urbes.

300 1922 430 1977 Non
455 1922 590 1977 alias
611 1922 766 1977 caelo
789 1922 1110 1976 ceciderunt
1131 1922 1292 1991 plura
1314 1938 1511 1976 sereno

297 2010 553 2081 Fulgura,
583 2026 686 2065 nec
709 2009 814 2073 diri
839 2009 1046 2064 totiens
1071 2024 1256 2065 arsere
1279 2017 1545 2064 cometae.

297 2097 448 2167 Ergo
471 2098 619 2153 inter
643 2115 760 2153 sese
784 2098 1010 2167 paribus
1037 2114 1366 2152 concurrere
1392 2096 1519 2151 telis

297 2184 576 2239 Romanas
599 2186 744 2240 acies
767 2184 970 2239 iterum
995 2176 1182 2239 videre
1205 2182 1484 2254 Philippi3

207 2288 236 2329 .·
297 2270 417 2326 Nec
443 2272 552 2327 fuit
574 2272 860 2342 indignum
885 2272 1112 2343 superis,
1140 2272 1225 2327 bis
1247 2272 1516 2342 sanguine
1540 2276 1733 2327 nostro

297 2358 612 2414 Emathiam
637 2364 694 2415 et
715 2360 862 2416 latos
885 2359 1085 2415 Haemi
1107 2358 1467 2431 pinguescere
1490 2374 1730 2427 campos.

297 2444 520 2501 Scilicet
542 2451 598 2501 et
621 2451 839 2517 tempus
864 2447 1066 2516 veniet,
1095 2462 1224 2501 cum
1249 2446 1457 2501 finibus
1480 2444 1591 2499 illis

297 2532 575 2603 Agricola,
601 2533 832 2589 incurvo
857 2542 1063 2590 terram
1085 2532 1314 2588 molitus
1335 2536 1537 2599 aratro,

294 2619 475 2675 Exesa
497 2621 744 2676 inveniet
767 2621 962 2676 scabra
981 2620 1240 2689 robigine
1257 2618 1388 2689 pila,

295 2706 416 2761 Aut
438 2708 697 2775 gravibus
721 2708 912 2761 rastris
935 2706 1120 2775 galeas
1143 2705 1387 2775 pulsabit
1410 2704 1607 2773 inania,

295 2791 648 2864 Grandiaque
673 2794 882 2848 effossis
905 2792 1198 2847 mirabitur
1224 2808 1349 2845 ossa
1374 2790 1656 2861 sepulcris.

295 2876 367 2931 Di
393 2880 574 2949 patrii,
603 2878 898 2949 IndigeteS,
927 2884 986 2933 et
1011 2876 1248 2931 Romule
1273 2876 1563 2947 Vestaque
1584 2882 1779 2943 mater,

296 2966 450 3030 Quae
473 2965 710 3019 Tuscum
735 2965 976 3019 Tiberim
1003 2970 1061 3018 et
1083 2962 1339 3018 Romana
1363 2964 1579 3018 Palatia
1600 2980 1806 3033 servas,

295 3050 459 3106 Hunc
485 3052 678 3106 saltem
702 3068 894 3106 everso
917 3051 1170 3104 invenem
1201 3066 1523 3105 succurrere
1546 3048 1729 3105 saeclo

294 3136 348 3191 N
352 3155 382 3191 e
406 3136 726 3207 prohibete!
804 3136 950 3191 Satis
975 3138 1082 3191 iam
1110 3137 1322 3206 pridem
1349 3138 1617 3207 sanguine
1640 3142 1833 3192 nostro

295 3223 736 3279 Laomedonteae
760 3222 964 3277 luimus
983 3224 1230 3293 periuria
1253 3222 1479 3291 Troiae3

295 3310 412 3365 Iam
433 3311 648 3381 pridem
671 3311 835 3365 nobis
857 3312 1078 3367 caelite
1099 3312 1266 3381 regia,
1297 3312 1517 3380 Caesar,

293 3396 529 3463 Invidet,
557 3404 725 3467 atque
749 3397 1036 3458 hominum
1063 3400 1314 3470 queritur
1337 3416 1537 3455 curare
1560 3398 1904 3468 triumphcsz

293 3481 511 3549 Quippe
537 3484 631 3537 ubi
655 3485 740 3538 fas
763 3501 984 3556 mmm
1011 3492 1176 3555 atque
1199 3487 1385 3542 nefas:
1426 3493 1515 3541 tot
1539 3484 1685 3541 bella
1706 3502 1807 3555 per
1832 3484 2039 3549 orbem,

2230 445 2337 501 4⁷0

2228 880 2335 936 475

2230 1317 2336 1369 480

2228 1752 2333 1802 485

2188 2196 2191 2201 '
2226 2185 2332 2235 490

2224 2618 2329 2671 495

2222 3051 2327 3103 500
