2725 3892
1004 223 1278 276 VERGILI
1325 225 1655 277 mames
1698 225 1789 278 111.

355 391 661 460 Argolicas
684 387 1009 457 mediosque
1031 388 1216 456 fugam
1239 387 1485 442 tenuisse
1506 402 1609 457 per
1630 386 1824 443 hostis.

354 475 594 532 Interea
614 492 886 544 magnum
911 474 992 528 sol
1016 473 1469 529 circumvolvitur
1492 489 1715 543 annum,

359 563 440 618 Et
461 563 718 633 glacialis
741 561 922 616 hiems
946 561 1288 631 aquilonibus
1311 565 1531 630 asperat
1552 560 1745 616 undas.

369 649 522 704 Aere
546 665 689 704 cavo
715 648 970 717 clipeum,
1001 647 1184 716 magni
1210 653 1495 715 gestamen
1520 645 1775 718 Abantis,

371 735 636 790 Postibus
661 733 906 790 adversis
929 733 1056 802 figo,
1087 739 1145 788 et
1168 749 1284 787 rem
1312 733 1555 788 carmine
1580 733 1772 802 signo:

378 824 414 853 ‘⁸
430 822 672 876 Axms
697 835 850 874 nno
873 835 946 873 nn
971 835 1186 874 nume
1211 835 1551 874 Vim-omaus
1578 820 1801 875 ABMAJ'

377 907 652 978 Linquere
677 911 795 961 tum
821 910 1014 976 portus
1039 905 1202 959 iubeo
1227 911 1286 959 et
1307 905 1595 960 considere
1622 907 1895 962 transtris.

380 992 648 1048 Certatim
675 993 808 1048 socii
833 993 1040 1048 feriunt
1061 1007 1218 1046 mare
1241 1003 1300 1046 et
1324 1007 1563 1062 aequora
1588 998 1834 1049 verrunt.

379 1079 644 1134 Protinus
668 1079 843 1134 aerias
867 1049 1178 1144 Phaekcum
1205 1077 1596 1133 abscondimus
1620 1095 1787 1147 arces,

377 1165 678 1236 Litoraque
701 1165 854 1236 Epiri
876 1165 1108 1234 legimus
1133 1171 1407 1235 portuque
1432 1163 1679 1219 subimus

379 1251 634 1307 Chaonio
659 1257 716 1307 et
739 1251 940 1307 celsam
965 1251 1225 1306 Buthroti
1250 1252 1563 1306 accedimus
1586 1253 1799 1308 urbem.

453 1338 562 1394 Hic
585 1337 920 1394 incredibilis
943 1355 1128 1392 rerum
1153 1339 1302 1393 fama
1325 1345 1560 1410 occupat
1584 1339 1748 1404 auris,

377 1425 696 1480 Priamiden
721 1425 994 1480 Helenum
1019 1425 1216 1479 Graias
1239 1441 1471 1494 regnare
1494 1439 1597 1495 per
1620 1427 1798 1496 urbes,

380 1513 653 1580 Coniugio
677 1511 956 1568 Aeacidae
979 1510 1180 1580 Pyrrhi
1205 1513 1543 1582 sceptrisque
1564 1513 1822 1583 potitum,

378 1599 454 1654 Et
477 1600 658 1670 patrio
682 1599 1111 1653 Andromachen
1137 1599 1338 1653 iterum
1363 1599 1587 1654 cessisse
1612 1585 1828 1654 marito.

381 1686 656 1756 Obstipui,
684 1685 936 1755 miroque
958 1686 1246 1740 incensum
1271 1694 1464 1755 pectus
1488 1703 1689 1756 amore,

382 1775 726 1846 Compellare
751 1777 930 1832 virum
957 1781 1013 1831 et
1037 1793 1192 1831 casus
1217 1793 1549 1846 cognoscere
1574 1781 1777 1832 tantos.

381 1861 716 1932 Progredior
740 1869 924 1934 portu,
953 1863 1137 1918 classis
1161 1869 1216 1917 et
1239 1863 1406 1919 litora
1428 1863 1711 1933 linquens:

381 1950 672 2005 Sollemnis
697 1967 822 2006 cum
845 1952 994 2006 forte
1016 1950 1186 2019 dapes
1210 1955 1269 2004 et
1291 1951 1473 2004 tristia
1498 1951 1643 2004 dona

381 2039 534 2091 Ante
557 2037 754 2092 urbem
776 2037 836 2091 in
859 2037 985 2090 luco
1007 2036 1131 2090 falsi
1155 2036 1454 2090 Simoentis
1480 2036 1547 2090 ad
1572 2037 1778 2091 undam

379 2121 620 2177 Libabat
643 2124 816 2178 cineri
841 2122 1232 2178 Andromache
1257 2123 1543 2191 Manisque
1570 2124 1801 2178 vocabat

381 2209 720 2267 Hectoreum
749 2213 818 2268 ad
843 2212 1131 2280 tumulum,
1159 2211 1324 2285 viridi
1351 2227 1517 2280 quem
1541 2212 1780 2281 caespite
1802 2212 2027 2266 inanem

379 2297 457 2356 Et
481 2301 741 2372 geminas,
769 2318 989 2357 causam
1013 2301 1268 2368 lacrimis,
1297 2303 1611 2354 sacraverat
1636 2315 1773 2353 aras.

381 2387 460 2442 Ut
483 2405 574 2443 me
597 2390 887 2458 conspexit
911 2391 1227 2444 venientem
1247 2393 1304 2444 et
1325 2387 1495 2443 Troia
1517 2389 1723 2442 circum

381 2475 559 2530 Arma
579 2492 771 2531 amens
793 2477 952 2546 vidit,
977 2477 1192 2548 magnis
1217 2477 1484 2531 exterrita
1506 2475 1769 2530 monstris

381 2560 634 2631 Deriguit
658 2563 778 2617 visu
803 2564 862 2616 in
888 2563 1085 2632 medio,
1115 2563 1264 2619 calor
1289 2579 1412 2618 ossa
1434 2562 1689 2632 reliquit3

380 2645 623 2719 Labitur,
647 2656 704 2705 et
725 2650 892 2719 longo
917 2651 1010 2705 vix
1035 2649 1259 2705 tandem
1285 2655 1535 2719 tempore
1558 2650 1740 2704 saturt

262 2727 420 2770 ²2⁴⁶
438 2733 660 2790 Verane
685 2743 742 2791 te
767 2736 954 2805 facies,
983 2753 1145 2792 verus
1165 2737 1304 2791 mihi
1331 2737 1561 2791 nuntius
1585 2736 1787 2807 adfers,

381 2821 528 2878 Nate
554 2823 692 2878 deal
729 2823 982 2878 vivisne?
1019 2829 1130 2893 aut,
1159 2823 1204 2878 si
1227 2823 1324 2877 lux
1348 2823 1495 2878 alma
1518 2823 1757 2888 recessit,

381 2907 594 2965 Hector
616 2911 712 2966 ubi
739 2912 857 2966 esti
877 2910 912 2940 ”
985 2909 1158 2980 Dixit,
1189 2909 1549 2980 lacrimasque
1574 2910 1769 2965 effudit
1792 2916 1851 2966 et
1872 2927 2093 2967 omnem

382 2994 642 3067 Implevit
666 2998 906 3054 clamore
929 2999 1130 3056 locum.
1201 2997 1318 3054 vix
1342 3015 1519 3069 pauca
1540 2999 1745 3052 furenti

381 3082 606 3140 Subicio
631 3090 688 3139 et
711 3085 850 3139 raris
873 3086 1126 3140 turbatus
1151 3085 1381 3140 vocibus
1402 3085 1588 3140 hisco:

385 3170 420 3199 ‘⁴
437 3169 586 3226 Vivo
611 3171 882 3242 equidem,
911 3172 1190 3242 vitamque
1215 3177 1465 3227 extrema
1486 3187 1588 3241 per
1610 3172 1797 3227 omnia
1820 3171 1998 3240 du003

381 3253 470 3310 Ne
495 3255 703 3325 dubita,
731 3273 862 3312 nam
887 3275 1020 3314 vera
1043 3259 1214 3314 vides.

381 3341 540 3398 Heu!
581 3344 703 3412 quis
727 3353 784 3398 te
809 3361 967 3399 casus
991 3345 1262 3400 deiectam
1288 3344 1521 3413 coniuge
1544 3349 1705 3398 tanto

379 3427 638 3498 Excipit?
676 3435 775 3485 aut
797 3447 938 3502 quae
959 3431 1126 3500 digna
1149 3433 1282 3486 satis
1303 3431 1532 3486 fortuna
1554 3430 1779 3484 revisit?

381 3513 639 3572 Hectoris
665 3516 1068 3588 Andromache,
1096 3515 1358 3586 Pyrrhin’
1384 3517 1623 3572 conubia
1646 3517 1865 3571 servasi
1882 3515 1919 3546 ”

2308 561 2413 615 285

2307 997 2415 1050 290

2308 1429 2413 1481 295

2308 1865 2415 1916 800

2308 2301 2412 2352 805

2308 2737 2414 2789 810

2308 3171 2413 3224 815
