2725 3892
939 178 1216 248 vanem
1259 193 1593 246 mames
1636 193 1711 244 vl

319 361 499 429 Quem
521 360 622 414 tibi
647 360 919 427 longaevo
943 373 1126 412 serum
1151 356 1383 412 Lavinia
1405 353 1651 410 coniunx

318 446 535 503 Educet
557 446 706 500 silvis
729 461 920 514 regem
943 459 1246 512 regumque
1268 445 1558 511 parentem
1580 459 1595 507 ς
2253 438 2355 496 765

267 563 312 628 s
372 533 482 588 nde
505 549 678 602 genus
701 527 1166 600 Longa'nostrum
1189 528 1567 584 dominabitur
1594 526 1757 583 Alba.

433 621 614 674 ximus
639 619 730 673 ille
757 618 974 685 Procae,
1004 617 1274 670 Troianae
1299 616 1475 685 gloria
1498 614 1695 683 gentis,

319 706 394 760 Et
419 708 616 776 Capye,
645 712 704 760 et
727 703 1003 771 Numitor,
1033 707 1092 758 et
1115 703 1208 773 qui
1233 706 1290 756 te
1315 701 1541 756 nomine
1564 699 1775 762 reddet,

320 794 522 849 Silvius
543 794 781 858 Aeneas,
807 790 1020 862 pariter
1044 791 1252 858 pietate
1279 787 1368 844 vel
1392 789 1561 844 armis

319 881 602 950 Egregius,
631 879 676 933 ei
701 894 959 948 umquam
985 875 1326 945 regnandam
1350 873 1627 943 acceperit
1650 873 1871 928 Albam.
2254 873 2357 928 770

321 968 430 1033 Qui
453 968 706 1022 iuvenes!
749 970 984 1036 quantae
1007 967 1308 1030 ostentant,
1337 961 1540 1032 aspice,
1569 959 1719 1026 viris,

321 1055 507 1124 Atque
531 1053 786 1108 umbrata
806 1056 1007 1122 gerunt
1030 1050 1180 1105 civili
1205 1055 1461 1118 tempora
1484 1048 1717 1116 quercui

321 1141 397 1195 Hi
419 1141 521 1195 tibi
546 1139 888 1194 Nomentum
913 1146 970 1194 et
993 1139 1202 1194 Gabios
1227 1135 1533 1205 urbemque
1558 1133 1839 1202 Fidenam,

321 1227 395 1281 Hi
420 1227 724 1283 Collatinas
747 1226 1036 1295 imponent
1059 1224 1342 1278 montibus
1361 1238 1532 1286 arcae,
1638 1259 1645 1266 -

319 1314 601 1370 Pometios
627 1314 992 1382 Castrumque
1017 1310 1141 1366 Inui
1167 1310 1469 1378 Bolamque
1495 1307 1825 1376 Coramque.
1922 1345 1961 1366 a
2252 1307 2355 1362 775

315 1393 474 1457 Haec
497 1398 618 1456 tuin
643 1402 869 1456 nomina
891 1404 1070 1470 erunt,
1102 1414 1248 1452 nuuc
1273 1406 1405 1451 eunt
1428 1396 1547 1450 siue
1570 1395 1791 1448 nomine
1816 1405 2013 1472 terrae.

321 1489 470 1556 Quin
495 1495 554 1543 et
576 1503 684 1542 avo
707 1489 964 1542 comitem
991 1503 1110 1541 sese
1133 1485 1441 1541 Mavortius
1468 1481 1638 1551 addet
1884 1483 1897 1494 ”

319 1575 604 1644 Romulus,
633 1575 888 1630 Assaraci
914 1591 1078 1643 quem
1103 1572 1384 1642 sanguinis
1412 1570 1519 1624 Ilia
1542 1575 1723 1625 mater

319 1661 552 1717 Educet.
627 1660 850 1730 Viden',
877 1667 942 1715 ut
964 1661 1218 1730 geminae
1247 1663 1399 1716 stant
1422 1660 1632 1714 vertice
1656 1660 1870 1726 cristae,

321 1749 395 1804 Et
417 1757 574 1818 pater
597 1749 714 1818 ipse
738 1765 839 1802 suo
863 1763 1120 1817 superum
1147 1748 1256 1801 iam
1283 1747 1469 1816 sig-nat
1495 1747 1709 1802 honore
1735 1747 1757 1802 ἲ
2254 1744 2357 1799 780

322 1835 424 1902 Εῐι,
452 1836 625 1904 huius,
655 1841 800 1908 nate,
828 1834 1083 1906 auspiciis
1106 1834 1202 1888 illa
1225 1833 1437 1888 incluta
1460 1833 1653 1888 Roma·

324 1921 623 1991 Imperium
647 1924 826 1987 terris,
855 1923 1071 1976 animos
1093 1920 1354 1990 aequabit
1380 1827 1691 1999 OlympoZ

325 2007 656 2078 Septemque
680 2024 792 2062 una
815 2009 920 2062 sibi
945 2025 1107 2062 muro
1134 2007 1502 2070 circumdabit
1526 2023 1697 2075 areca,

325 2095 476 2149 Felix
502 2095 658 2164 prole
683 2095 896 2150 virum:
937 2094 1477 2164 qualisBerecyntia
1500 2103 1679 2150 mater

323 2182 614 2236 Invehitur
639 2199 804 2236 curru
829 2182 1100 2253 Phrygias
1127 2183 1330 2238 turrita
1354 2199 1455 2252 per
1480 2184 1659 2252 urben,
2255 2180 2356 2235 785

323 2267 494 2322 Laeta
515 2269 676 2323 deum
703 2265 882 2348 partu,
911 2277 1134 2326 centum
1161 2271 1450 2339 complexa
1474 2278 1722 2342 nepoteS,

325 2355 520 2409 Omnis
541 2354 843 2425 caelicolae,
873 2359 1053 2411 omnis
1077 2375 1275 2426 supera
1301 2359 1417 2412 alta
1440 2359 1698 2414 tenentis.

326 2441 450 2495 Huc
471 2444 718 2511 geminas
743 2459 889 2497 nunc
913 2444 1074 2498 flecte
1097 2445 1260 2514 acies,
1292 2445 1437 2500 hanc
1462 2447 1644 2514 aspice
1668 2447 1889 2513 gentem

325 2527 716 2598 Romanosque
739 2533 882 2582 tuoe.
957 2528 1063 2583 Hic
1089 2529 1290 2585 Caesar
1311 2537 1373 2585 et
1398 2532 1575 2585 omnis
1600 2530 1708 2584 Iuli

325 2615 638 2683 Progenies,
668 2631 926 2682 magnum
951 2615 1091 2670 caeli
1120 2621 1356 2671 ventura
1382 2617 1481 2670 sub
1508 2633 1685 2670 axem.
2256 2613 2359 2668 790

327 2699 433 2754 Hic
455 2701 674 2770 vii-„hic
698 2707 796 2769 est,
825 2701 926 2755 tibi
951 2717 1112 2770 quem
1141 2703 1392 2772 promitti
1416 2705 1635 2772 saepius
1658 2700 1830 2769 audis,

327 2787 610 2856 Augustus
635 2785 850 2857 Caesar,
881 2787 1012 2842 Divi
1037 2805 1225 2858 genus,
1259 2804 1430 2845 aurea
1453 2789 1657 2844 condet

327 2873 558 2929 Saecula
579 2874 672 2942 qui
695 2889 888 2930 rursus
909 2873 1070 2930 Latio
1095 2881 1328 2945 regnata
1349 2892 1449 2945 per
1474 2892 1607 2932 arva

327 2961 564 3016 Saturno
588 2960 882 3030 quondam,
913 2966 1078 3032 aup'er
1101 2967 1160 3018 et
1185 2963 1549 3019 Garamantas
1572 2969 1630 3018 et
1653 2961 1823 3018 Indos

325 3047 577 3102 Proferet
601 3047 925 3116 imperium3
966 3049 1111 3104 iacet
1135 3055 1296 3104 extra
1320 3050 1503 3104 sidera
1524 3049 1704 3116 tellus,
2256 3047 2361 3104 795

325 3134 501 3189 Extra
523 3137 655 3189 anni
683 3134 922 3206 solisque
947 3136 1081 3204 vias,
1110 3137 1201 3190 ubi
1227 3137 1451 3192 caelifer
1474 3137 1639 3192 Atlas

328 3224 726 3298 Axemumero
749 3228 974 3293 torquet
999 3223 1176 3278 stellis
1201 3223 1526 3280 ardentibus
1550 3230 1759 3296 aptum.

329 3307 508 3364 Huius
529 3309 590 3363 in
614 3309 914 3364 adventum
939 3311 1052 3366 iam
1075 3327 1224 3366 nunc
1249 3316 1307 3365 et
1331 3311 1535 3382 Caspia
1556 3327 1727 3379 regna

327 3393 628 3464 Responsio
651 3396 883 3451 horrent
905 3397 1091 3453 divom
1119 3402 1178 3452 et
1201 3396 1445 3452 Maeotia
1468 3397 1648 3465 tellus,

327 3479 401 3535 Et
423 3483 840 3552 septemgemini
863 3484 1094 3540 turbant
1117 3485 1334 3554 trepida
1357 3485 1501 3540 ostia
1524 3483 1657 3540 Nili.
2259 3483 2363 3534 800
