2725 3892
955 201 1231 253 VERGILI
1275 203 1605 254 AENEIDOS
1650 204 1741 254 lv.
1848 229 1853 238 ·

327 361 539 419 Dextra
561 362 761 417 feres.”
834 361 1006 430 Dixit,
1035 363 1339 433 vaginaque
1363 363 1531 432 eripit
1554 379 1740 418 ensem

328 450 693 518 Fulmineum,
721 450 1024 518 strictoque
1047 451 1182 504 ierit
1205 451 1513 504 retinacula
1534 451 1701 506 ferro.
2260 454 2365 506 580

327 536 482 591 Idem
505 535 686 592 omnis
708 536 870 590 simul
895 536 1062 590 ardor
1085 537 1268 606 habet,
1297 537 1631 606 rapiuntque
1655 543 1961 606 ruuntque;

325 623 516 678 Litore
539 622 858 689 deseruer03
898 623 1036 677 latet
1059 625 1164 677 sub
1185 624 1450 678 classibus
1476 641 1719 694 sequor3

326 710 535 764 Adnixi
558 714 822 778 torquent
843 725 1064 779 spumas
1089 716 1148 764 et
1173 711 1395 766 caerula
1418 719 1667 766 verrunt.

393 796 602 852 Etiam
627 797 809 865 prims
829 813 980 850 novo
1001 798 1297 866 spargebat
1319 797 1531 852 lumine
1554 809 1731 853 terras

324 883 552 939 Tithoni
577 899 832 938 croceum
853 883 1110 954 linquens
1133 885 1358 938 Aurora
1386 885 1582 940 cubile.
2258 891 2361 942 585

323 971 540 1040 Regius
562 987 594 1025 e
617 970 852 1039 speculis
876 975 939 1024 ut
961 971 1202 1040 primum
1227 971 1509 1026 albescere
1530 973 1707 1028 lucem

324 1056 486 1111 Vidit
507 1067 566 1110 et
588 1056 836 1126 aequatis
854 1056 1082 1112 classem
1107 1057 1411 1126 procedere
1434 1060 1587 1130 velis,

323 1142 618 1212 Litoraque
642 1149 702 1197 et
725 1159 928 1197 vacuos
950 1143 1122 1198 sensit
1147 1145 1266 1198 sine
1291 1147 1501 1215 remige
1524 1153 1735 1216 portus,

320 1231 534 1300 Terque
559 1235 862 1299 quaterque
883 1247 1050 1285 manu
1075 1237 1270 1299 pectus
1291 1249 1551 1301 percussa
1573 1233 1833 1289 decorum

321 1317 712 1386 Flsveutisque
735 1317 1188 1374 abscissa‘comas
1215 1323 1248 1352 ‘⁴
1263 1320 1376 1376 Pro
1405 1321 1681 1390 Iuppiter!
1724 1322 1831 1376 ibit
2252 1323 2359 1374 590

321 1404 428 1459 Hic
444 1405 477 1434 ’'
503 1403 582 1459 sit
610 1405 644 1433 “
661 1408 718 1458 et
739 1405 950 1460 nostris
971 1407 1228 1462 inluserit
1251 1408 1467 1464 advena
1490 1409 1707 1478 regnis?

323 1491 452 1546 Non
478 1507 632 1546 arms
655 1491 970 1562 expedient,
999 1499 1228 1564 totaque
1253 1511 1322 1550 ex
1349 1497 1485 1550 urbe
1508 1501 1823 1565 sequentur,

320 1578 716 1649 Deripientque
740 1586 892 1635 retes
913 1581 1006 1635 alii
1031 1581 1360 1637 navalibus?
1434 1582 1535 1650 Ite,

319 1665 484 1722 Ferte
506 1667 604 1721 citi
626 1665 892 1737 flammas,
921 1668 1050 1723 dete
1073 1669 1200 1739 tels,
1230 1669 1497 1738 impellite
1524 1671 1811 1724 remos!—

321 1753 468 1818 Quid
491 1754 726 1823 loquor?
765 1759 862 1810 eut
884 1755 982 1810 ubi
1007 1758 1165 1810 sumi
1241 1755 1397 1822 Quae
1420 1764 1665 1812 mentem
1690 1758 1907 1811 insanis
1934 1757 2155 1811 mutati
2250 1759 2353 1810 595

317 1840 518 1895 Infelix
543 1841 723 1896 Dido!
764 1858 914 1896 nunc
937 1847 994 1896 te
1017 1844 1172 1898 secta
1195 1843 1366 1912 impis.
1388 1845 1659 1912 teng-unt8

317 1927 454 1984 Tum
479 1930 682 2000 decuit,
713 1947 842 1986 cum
865 1937 1082 1999 sceptra
1107 1929 1455 1985 dabas—En
1481 1929 1679 1985 dextra
1702 1929 1963 1999 fidesque,

318 2016 495 2083 Quem
517 2035 704 2072 secum
727 2020 939 2088 patrios
963 2018 1122 2072 siunt
1145 2023 1371 2086 portare
1394 2017 1635 2086 Penatis,

318 2103 496 2170 Quem
519 2105 750 2160 subiisse
773 2105 980 2160 umeris
1003 2105 1321 2160 confectum
1351 2109 1533 2158 aetate
1556 2109 1844 2172 parentem
1860 2104 1953 2156 1—

317 2189 449 2244 Nou
473 2191 631 2260 potui
653 2192 946 2262 abreptum
969 2191 1234 2246 divellere
1259 2207 1463 2259 corpus
1486 2200 1543 2244 et
1566 2190 1729 2244 undis
2248 2192 2352 2243 600

317 2276 625 2347 Spargere?
663 2295 776 2334 non
798 2281 990 2348 socios,
1019 2294 1134 2333 non
1159 2279 1340 2346 ipsum
1365 2277 1653 2332 absumere
1674 2277 1831 2330 terro

317 2367 633 2436 Ascanium,
661 2369 962 2438 patriisque
989 2364 1322 2436 epulandum
1349 2380 1557 2434 ponere
1581 2364 1785 2418 mensis
1794 2364 1891 2418 8-

315 2451 530 2508 Verum
556 2470 760 2524 anceps
783 2469 996 2524 pugnae
1019 2454 1207 2509 tuerat
1232 2451 1799 2518 fortuna—Fuisse&

316 2536 496 2603 Quem
519 2541 696 2596 metui
717 2541 1028 2595 moriture?
1099 2541 1272 2595 Faces
1299 2541 1356 2594 in
1382 2545 1567 2594 castra
1590 2537 1853 2606 tulissem,

314 2624 744 2697 Implessemque
766 2629 918 2682 foros
939 2626 1190 2696 flammis,
1221 2635 1527 2696 natumque
1550 2631 1877 2695 patremque
2246 2627 2349 2679 606

315 2710 457 2766 Oum
480 2729 684 2782 genere
707 2715 1034 2782 exstinxem‚
1061 2720 1268 2770 memet
1293 2731 1459 2783 super
1486 2714 1605 2783 ipss
1632 2712 1999 2767 dedissem.—

313 2798 426 2868 Sol,
454 2801 548 2870 qui
573 2807 845 2855 terrerum
869 2800 1106 2856 flammis
1129 2817 1300 2870 opere
1323 2801 1513 2855 omnia
1534 2800 1751 2866 lustres,

311 2883 504 2955 'hique
525 2886 722 2941 harum
746 2886 1024 2956 interpres
1047 2903 1302 2942 curarum
1329 2893 1391 2940 et
1412 2886 1635 2940 conscie
1652 2885 1811 2952 Iuno,

313 2969 722 3042 Rectus-nisque
745 2972 958 3028 Hecate
979 2973 1162 3028 triviis
1185 2973 1399 3028 ululate
1422 2989 1525 3040 per
1548 2973 1729 3038 urbes,

309 3057 388 3112 Et
409 3058 578 3114 Dirae
601 3059 842 3126 ultrices,
871 3065 928 3116 et
951 3059 1010 3114 di
1033 3060 1322 3114 morientis
1345 3059 1573 3126 Elissae,
2245 3061 2350 3114 610

309 3145 568 3215 Accipite
589 3144 742 3212 haec,
771 3146 1140 3214 meritumque
1163 3145 1324 3200 malis
1348 3145 1621 3199 advertite
1644 3159 1869 3212 numen,

309 3229 386 3287 Et
409 3237 628 3286 nostras
651 3231 836 3286 audite
861 3248 1070 3301 preces.
1143 3231 1204 3286 Si
1227 3237 1457 3299 tangere
1480 3235 1677 3299 portus

311 3315 608 3372 Infandum
630 3323 798 3385 ceput
821 3334 886 3372 ac
909 3319 1076 3372 terris
1099 3317 1306 3372 adnare
1329 3332 1554 3370 necesse
1576 3321 1677 3380 est,

309 3403 386 3459 Et
409 3405 488 3460 sic
511 3405 632 3459 teta.
655 3403 808 3458 Iovis
827 3410 1082 3474 poscunt¹
1109 3403 1200 3459 hic
1225 3403 1499 3458 terminus
1522 3400 1749 3456 haeret:

310 3492 392 3545 At
415 3491 564 3545 bello
589 3487 812 3544 audacis
833 3489 1026 3558 populi
1052 3495 1286 3544 vexatus
1311 3494 1369 3540 et
1394 3487 1577 3553 armis,
2250 3483 2355 3535 615

453 3580 488 3631 9
