2725 3892
985 229 1260 280 vanam
1303 228 1681 280 Gnonfflcon
1728 229 1820 280 m.

379 389 516 446 Dira
539 407 640 461 per
663 391 944 446 incautum
969 396 1196 460 serpant
1217 389 1475 460 contagia
1497 390 1705 460 volgus.

379 476 511 531 Non
535 482 652 532 tam
677 479 870 532 creber
893 493 1062 546 agens
1086 477 1322 532 hiemem
1347 478 1461 532 ruit
1484 494 1724 548 aequore
1748 478 1929 544 turbo,

381 563 560 628 Quam
587 563 792 619 multae
815 563 1090 633 pecudum
1115 569 1314 632 pestes.
1390 563 1511 618 Nee
1536 564 1751 633 singula
1774 563 1955 620 morbi

379 649 628 718 Corpora
648 650 973 720 corripiunt,
999 649 1096 704 sed
1121 655 1244 704 tota
1267 651 1478 705 aestiva
1500 655 1743 719 repente,

378 736 652 806 Spemque
677 752 1007 806 gregemque
1029 735 1212 804 simul,
1239 743 1605 806 cunctamque
1629 737 1699 790 ab
1724 737 1937 806 origine
1960 741 2201 806 gentem.

378 822 516 877 Tum
543 823 695 892 sciat,
724 824 900 878 aerias
923 821 1097 893 Alpes
1121 828 1180 877 et
1203 821 1415 878 Norica
1438 822 1483 876 si
1508 823 1633 892 quis

379 909 617 964 Castella
639 909 698 963 in
721 909 950 964 tumulis
973 915 1032 966 et
1053 909 1280 979 Iapydis
1303 925 1441 964 arva
1462 909 1675 965 Timavi

377 995 542 1050 Nunc
567 1012 784 1066 quoque
807 1001 935 1065 post
959 1001 1118 1052 tanto
1143 995 1332 1052 videat
1353 995 1683 1067 desertaque
1706 1012 1881 1066 regna

377 1083 669 1138 Pastorum
695 1088 752 1139 et
774 1084 940 1154 longe
963 1083 1138 1138 saltus
1160 1083 1383 1154 lateque
1409 1085 1671 1139 vacantis.

449 1169 553 1224 Hic
579 1169 856 1240 quondam
881 1169 1082 1224 morbo
1104 1169 1242 1226 caeli
1265 1170 1579 1225 miseranda
1600 1175 1793 1226 coorta
1816 1175 1902 1225 est

377 1255 697 1326 Tempestas
719 1261 950 1327 totoque
973 1257 1228 1311 autumni
1251 1256 1543 1312 incanduit
1566 1263 1736 1324 aestu,

377 1343 452 1398 Et
473 1359 647 1413 genus
671 1359 836 1399 omne
859 1345 981 1398 neci
1010 1345 1282 1414 pecudum
1305 1344 1477 1412 dedit,
1506 1361 1671 1400 omne
1696 1345 1951 1414 ferarum,

379 1431 746 1500 Corrupitque
769 1429 940 1500 lacus,
964 1430 1160 1486 infecit
1183 1431 1385 1501 pabula
1406 1432 1557 1487 tabo.

377 1515 498 1572 Nee
521 1517 614 1572 via
634 1519 831 1572 mortis
854 1523 977 1574 erat
999 1519 1263 1589 simplem
1303 1519 1403 1573 sed
1426 1520 1522 1574 ubi
1544 1519 1710 1588 ignea
1732 1517 1889 1574 venis

377 1603 650 1682 9mnibue
673 1612 799 1660 acta
821 1606 942 1660 sitis
963 1607 1194 1662 miseros
1215 1607 1525 1662 adduxerat
1546 1613 1714 1676 artus,

377 1690 590 1746 Rursus
612 1692 930 1749 abundabat
951 1693 1152 1748 fluidus
1173 1693 1358 1763 liquor
1384 1694 1681 1762 omniaque
1706 1694 1760 1746 in
1786 1709 1846 1747 se

377 1775 520 1832 Ossa
538 1779 856 1834 minutatim
881 1781 1082 1836 morbo
1107 1779 1368 1850 conlapsa
1388 1779 1661 1834 trahebat.

377 1863 554 1934 Saepe
576 1864 635 1918 iu
658 1864 873 1922 honore
899 1867 1064 1922 deum
1086 1866 1273 1922 medio
1295 1873 1451 1921 staua
1472 1865 1659 1920 hostia
1679 1865 1752 1920 ad
1775 1881 1949 1936 aram,

377 1951 564 2007 Lanea
585 1953 717 2007 dum
742 1954 908 2010 nivea
932 1954 1306 2010 circumdatur
1327 1952 1509 2008 infula
1530 1954 1690 2022 vitta,

377 2038 533 2094 Inter
557 2041 874 2096 cunctantis
899 2041 1102 2097 cecidit
1125 2039 1461 2096 moribunda
1480 2039 1781 2094 ministros.

379 2128 498 2182 Aut
521 2127 567 2182 si
591 2144 756 2198 quam
781 2129 928 2184 ferro
951 2133 1292 2184 mactaverat
1317 2133 1449 2184 ante
1472 2127 1743 2195 sacerdos,

377 2212 516 2270 Inde
539 2231 718 2285 neque
743 2215 1024 2286 impositis
1045 2216 1243 2271 ardent
1266 2214 1465 2270 altaria
1484 2214 1655 2283 fibris,

379 2296 498 2354 Nec
525 2316 791 2369 responsa
813 2306 999 2369 potest
1021 2299 1306 2356 consultus
1329 2298 1563 2353 reddere
1587 2303 1761 2364 vates,

378 2385 465 2439 Ac
491 2384 585 2438 vix
609 2387 878 2457 suppositi
904 2387 1196 2456 tinguntur
1219 2385 1485 2454 sanguine
1508 2383 1673 2438 cultri

379 2469 714 2541 Summaque
741 2473 924 2528 ieiuna
945 2471 1100 2528 sanie
1125 2469 1437 2525 infuscatur
1460 2468 1683 2524 harena.

379 2555 525 2611 Hinc
549 2557 712 2612 laetis
737 2558 896 2613 vituli
919 2557 1086 2627 volgo
1111 2555 1426 2612 moriuntur
1450 2554 1512 2610 in
1536 2553 1738 2620 herbis,

377 2641 452 2698 Et
472 2644 648 2699 dulcis
671 2645 883 2700 animas
907 2643 1069 2714 plena
1089 2643 1158 2698 ad
1183 2641 1505 2712 praesaepia
1528 2639 1795 2705 reddunt;

379 2728 525 2785 Hinc
549 2731 776 2786 canibus
800 2729 1015 2786 blandis
1038 2730 1220 2785 rabies
1244 2731 1415 2798 venit,
1442 2733 1503 2784 et
1523 2727 1703 2797 quatit
1728 2741 1919 2796 aegros

379 2815 566 2874 Tussis
588 2817 788 2874 anhela
811 2833 938 2872 sues
961 2832 1024 2871 ac
1049 2815 1305 2872 faucibus
1329 2814 1485 2885 angit
1506 2813 1704 2870 obesis.

379 2903 609 2960 Labitur
633 2905 826 2960 infelix
849 2902 1158 2958 studiorum
1183 2907 1350 2974 atque
1370 2903 1669 2958 immemor
1690 2899 1897 2956 herbae

380 2989 580 3047 Victor
603 3007 774 3062 equus
796 2989 1076 3060 fontisque
1099 2990 1372 3045 avertitur
1396 2993 1455 3046 et
1476 2987 1619 3058 pede
1642 2992 1849 3044 terram

381 3077 590 3133 Crebra
612 3078 774 3142 ferit:
809 3075 1076 3132 demissae
1101 3091 1275 3145 aures,
1303 3077 1551 3132 incertus
1572 3073 1779 3129 ibidem

381 3165 574 3232 Sudor,
605 3169 663 3219 et
684 3163 776 3218 ille
801 3162 1026 3232 quidem
1049 3163 1334 3218 morituris
1355 3161 1619 3231 frigidus;
1658 3165 1780 3216 aret

381 3252 549 3307 Pollis
573 3257 630 3304 et
653 3249 723 3305 ad
749 3253 960 3305 tactum
983 3249 1246 3311 tractanti
1270 3249 1412 3304 dura
1435 3249 1657 3305 resistit.

381 3337 536 3392 Haeo
561 3342 689 3392 ante
713 3337 946 3392 exitium
969 3336 1164 3408 primis
1186 3335 1326 3392 dant
1347 3337 1507 3406 signa
1526 3335 1751 3404 diebus3

381 3423 483 3478 Sin
504 3425 566 3478 in
589 3440 849 3494 processu
873 3425 1059 3495 coepit
1081 3423 1409 3480 crudescere
1428 3425 1671 3491 morbae,

381 3509 523 3564 Tum
549 3527 681 3566 vero
706 3509 966 3566 ardentes
989 3511 1134 3568 oculi
1157 3517 1326 3583 atque
1348 3517 1619 3569 attractus
1642 3510 1713 3566 ab
1738 3507 1853 3566 alto

2306 477 2415 534 4⁷0

2306 908 2411 966 4⁹15

2306 2212 2417 2266 490

2304 2641 2413 2694 496

2306 3073 2413 3128 500
