2725 3892
1038 166 1315 219 VERGILI
1347 166 1689 221 ‚ABNEIDOS
1732 168 1821 219 lx,

415 331 736 402 opposuere
760 330 1158 395 aciem‚—nam
1185 328 1419 383 dextera
1440 326 1681 396 cingitur
1706 328 1925 381 amni—

413 418 768 487 Ingentisqne
790 402 986 471 tenent
1009 416 1199 483 fossas,
1228 418 1286 468 et
1309 414 1557 468 turribus
1580 413 1708 467 altis
1790 409 1795 417 '

413 505 578 560 Stant
601 505 797 558 maesti
819 522 832 570 ς
873 502 1036 557 simul
1061 506 1158 557 ora
1181 501 1364 555 virum
1391 499 1639 569 praefixa
1662 500 1974 568 movebant,

413 589 565 645 Nota
587 590 754 643 nimis
777 589 991 643 miseris
1015 593 1246 657 atroque
1269 586 1501 642 fluentia
1524 587 1670 642 tabe.

481 677 704 731 Interea
727 676 984 745 pavidam
1007 674 1246 729 volitans
1269 678 1513 743 pennata
1534 690 1633 742 per
1658 674 1852 729 urbem

415 762 628 818 Nuntia
649 762 819 817 Fama
844 762 972 829 ruit,
1001 762 1298 830 matrisque
1325 759 1601 815 adlabitur
1626 760 1774 815 auris

415 849 656 917 Euryali.
731 849 814 903 At
837 840 1052 902 subitus
1073 848 1304 901 miserae
1328 846 1478 901 calor
1504 861 1627 901 ossa
1651 846 1901 915 reliquit3

381 972 396 980 -
414 936 644 991 Excussi
668 936 922 990 manibus
943 933 1100 1003 radii,
1129 933 1485 1003 revolutaque
1510 948 1694 1002 pensa.

414 1022 616 1077 Evolat
640 1021 854 1090 infelix,
882 1026 941 1075 et
962 1020 1204 1075 femineo
1227 1020 1457 1088 ululatu,

417 1108 598 1165 Scissa
619 1124 847 1177 comam,
875 1123 1062 1161 muros
1087 1122 1274 1163 amens
1299 1112 1465 1177 atque
1488 1108 1708 1179 agmina
1732 1124 1896 1165 cursu

416 1194 608 1251 Prima
630 1194 786 1264 petit,
815 1210 930 1247 non
953 1193 1050 1249 illa
1077 1194 1270 1263 virum,
1297 1210 1413 1249 non
1436 1194 1529 1249 illa
1552 1195 1745 1264 pericli

417 1282 779 1350 Telorumque
805 1296 1052 1349 memor3
1094 1281 1306 1337 caelum
1331 1280 1535 1335 dehinc
1558 1283 1843 1351 questibus
1868 1282 2089 1353 implet:

421 1371 455 1399 “
474 1369 640 1424 Hunc
663 1386 766 1439 ego
789 1374 862 1438 te,
890 1366 1149 1438 Euryale,
1175 1370 1419 1439 aspicio?
1456 1376 1591 1425 tune
1615 1370 1710 1426 ille
1734 1378 1989 1427 senectae

417 1456 554 1511 Sera
575 1472 732 1510 meae
756 1455 992 1525 requieS,
1022 1456 1252 1525 potuisti
1275 1456 1525 1527 linquere
1550 1457 1742 1526 solam,

420 1541 706 1598 Crudelis?
744 1559 846 1596 nec
865 1546 937 1611 te,
969 1542 1071 1596 sub
1095 1548 1252 1597 tanta
1277 1544 1523 1612 pericula
1546 1545 1789 1613 missum,

420 1629 618 1683 Adfari
643 1634 953 1683 extremum
979 1629 1210 1684 miserae
1235 1630 1366 1684 (lata
1393 1632 1551 1701 copia
1574 1632 1769 1685 matri?

421 1716 560 1783 Heu,
589 1712 738 1771 terra
759 1715 952 1785 ignota
975 1716 1202 1770 canibus
1223 1716 1353 1771 date
1377 1717 1585 1787 praeda
1606 1717 1819 1773 Latinis

421 1808 772 1878 Alitibusque
803 1807 974 1861 iaces!
1016 1822 1118 1860 nec
1141 1811 1215 1875 te,
1244 1813 1342 1859 tua
1363 1807 1563 1861 funera
1590 1816 1767 1863 mater

419 1893 680 1962 Produxi,
707 1894 952 1964 pressive
975 1892 1178 1961 oculos,
1207 1898 1304 1945 aut
1327 1892 1558 1947 volnera
1580 1894 1707 1962 lavi,

421 1986 594 2042 Veste
617 1992 827 2057 tegens,
855 1982 958 2040 tibi
986 2002 1148 2055 quam
1173 1990 1366 2039 noctes
1389 1985 1595 2039 festina
1617 1984 1841 2052 diesque

420 2074 697 2145 Urgebam
723 2080 779 2129 et
803 2062 918 2128 tela'
938 2088 1098 2127 curas
1121 2070 1336 2126 solabar
1361 2072 1535 2125 anilis.

423 2160 548 2227 Quo
573 2160 802 2230 sequar?
839 2165 935 2214 aut
961 2174 1102 2229 quae
1124 2174 1272 2213 nunc
1297 2162 1453 2213 artus
1476 2156 1771 2226 avulsaque
1794 2155 2043 2210 membra

420 2246 498 2301 Et
519 2248 689 2301 funus
712 2247 952 2301 lacerum
977 2244 1138 2302 tellus
1162 2244 1364 2310 habeti
1436 2244 1559 2299 Hoc
1583 2242 1719 2298 mihi
1742 2241 1811 2296 de
1836 2246 1907 2311 te,

421 2332 586 2401 Nate,
621 2334 832 2389 refers?
869 2328 976 2387 hoc
1000 2348 1120 2387 sum
1145 2334 1403 2401 terraque
1426 2331 1675 2400 marique
1698 2328 1923 2385 secuta?

421 2424 600 2495 Figite
623 2442 728 2497 me,
757 2427 802 2481 ei
829 2444 936 2498 qua
960 2432 1044 2483 est
1067 2428 1257 2498 pictae,
1285 2426 1344 2480 iu
1370 2442 1459 2480 me
1483 2426 1669 2481 omnia
1692 2426 1803 2481 tela

423 2511 688 2580 Conicite,
717 2530 750 2567 ο
774 2512 984 2581 Rutuli,
1013 2532 1100 2569 me
1121 2516 1354 2585 primam
1376 2514 1647 2569 absumite
1668 2514 1852 2579 terrm

419 2600 542 2653 Aut
564 2603 644 2667 tu,
671 2616 871 2669 magne
893 2606 1052 2670 pater
1076 2602 1278 2671 divom,
1305 2601 1583 2668 miserere,
1611 2608 1817 2670 tuoque

421 2684 666 2740 Invisum
691 2685 801 2741 hoc
825 2686 1060 2743 detrude
1083 2693 1251 2757 caput
1275 2689 1379 2743 sub
1402 2688 1631 2743 Tartara
1650 2688 1779 2755 tole,

423 2771 658 2837 Quando
684 2770 844 2827 aliter
868 2790 1084 2843 nequeo
1111 2774 1387 2830 crudelem
1414 2774 1741 2843 abrumpere
1764 2772 1993 2829 vitam.”

422 2856 545 2911 Hoc
567 2856 703 2911 fietu
728 2860 978 2913 concussi
1003 2860 1190 2927 animi,
1216 2866 1565 2932 maestusque
1590 2876 1690 2930 per
1713 2860 1893 2915 omnis

420 2942 476 2999 It
497 2944 766 3013 gemitum
805 2950 1032 3016 torpent
1055 2946 1326 3001 infractae
1349 2946 1421 3003 ad
1444 2947 1657 3017 proelia
1678 2947 1841 3002 vires.

421 3030 578 3085 Illam
605 3031 992 3086 incendentem
1017 3030 1197 3087 luctus
1221 3032 1417 3088 Idaeus
1440 3038 1497 3089 et
1522 3034 1701 3089 Actor
1758 3029 1768 3078 ἓ

421 3116 617 3173 llionei
643 3118 858 3191 monitu
883 3122 940 3171 et
965 3117 1199 3173 multum
1222 3117 1563 3175 lacrimantis
1585 3119 1693 3175 Iuli
1737 3144 1820 3163 w·-

424 3203 763 3274 Oorripiunt,
792 3204 1046 3274 interque
1071 3222 1268 3259 manue
1292 3206 1395 3260 sub
1420 3211 1569 3261 tecta
1594 3210 1889 3275 reponunt.

492 3290 576 3345 At
597 3291 730 3346 tuba
753 3290 1061 3345 terribilem
1085 3290 1324 3345 sonitum
1353 3291 1547 3359 procul
1572 3308 1697 3345 aere
1722 3306 1929 3345 canoro

425 3374 740 3446 Increpuit;
779 3378 1028 3448 sequitur
1051 3374 1278 3443 clamor,
1305 3376 1627 3445 caelumque
1650 3375 1906 3442 remugit.

427 3459 758 3517 Accelerunt
781 3468 908 3516 ecta
927 3462 1138 3532 pariter
1158 3460 1439 3518 testudine
1461 3461 1673 3527 Volsci,

2339 416 2445 469 470

2342 844 2409 902 47
2411 847 2445 899 5

2342 1284 2449 1335 480

2346 2156 2451 2205 490

2348 2602 2452 2655 495

2349 3035 2457 3086 500

2354 3454 2458 3507 505
