2725 3892
1039 206 1314 275 viz-:Rom
1361 206 1621 257 ncLoGA
1666 207 1757 256 111.

377 368 519 423 Cum
543 368 744 423 faciam
770 368 946 421 vitula
971 383 1072 437 pro
1097 367 1364 436 frugibus,
1394 368 1511 436 ipse
1537 368 1742 422 venit0.

445 454 597 508 Mau.
635 453 894 521 Phyllida
917 469 1041 507 amo
1067 458 1195 507 ante
1220 453 1384 507 alias:
1426 470 1550 507 nani
1579 470 1667 507 me
1692 454 1971 509 discedere
1995 454 2163 523 flevit,

374 540 448 595 Et
471 540 698 610 longum
726 538 1052 605 “Formose,
1081 539 1219 606 vale,
1247 537 1426 607 vale,'’
1452 540 1647 609 inquit,
1680 542 1713 568 “
1730 540 1922 595 Iolla.'’

445 626 600 681 ΒΑΜ.
639 626 818 680 Triste
841 625 1006 695 lupus
1031 624 1276 693 stabulis,
1303 626 1539 679 maturis
1562 625 1813 695 frugibus
1838 627 2056 693 imbres,
2346 632 2414 681 80

375 713 688 767 Arboribus
713 711 882 781 venti,
909 712 1074 766 nobis
1097 711 1459 778 Amaryllidis
1484 712 1615 767 irae.

445 799 596 855 Man.
633 799 811 854 Dulce
835 798 969 853 satis
991 815 1167 863 umor,
1195 798 1439 868 depulsis
1464 799 1691 853 arbutus
1714 798 1919 866 haedis,

373 886 550 941 Lenta
573 887 710 941 salix
733 886 849 941 feto
871 886 1078 955 peoori,
1105 886 1244 939 mihi
1269 885 1419 941 solus
1442 887 1733 953 Amyntas.

443 973 600 1028 Dan.
639 972 820 1027 Pollio
845 976 992 1027 amat
1015 979 1280 1041 nostram,
1309 974 1561 1043 quamvis
1584 984 1670 1029 est
1692 972 1912 1041 rustica,
1944 972 2151 1027 Musam
2174 992 2187 1027 :

374 1058 636 1129 Pierides,
665 1058 894 1114 vitulam
917 1057 1110 1113 leotori
1136 1060 1344 1129 pascite
1370 1064 1571 1115 vestro.
2344 1062 2410 1113 85

445 1144 596 1201 Mu.
633 1144 816 1199 Pollio
839 1143 1038 1213 etipse
1060 1145 1200 1200 facit
1223 1162 1371 1201 nova
1394 1145 1667 1201 earmina:
1708 1146 1917 1215 pascite
1943 1151 2179 1214 taurum,

374 1231 492 1288 Iam
518 1248 692 1286 oornu
715 1236 872 1301 petat
897 1236 956 1285 et
977 1230 1212 1300 pedibus
1235 1231 1326 1301 qui
1354 1237 1576 1301 spargat
1600 1230 1881 1287 harenam.

443 1318 598 1373 Dur.
637 1318 746 1385 Qui
773 1325 844 1387 te,
871 1316 1068 1385 Pollio,
1097 1324 1262 1385 amat,
1293 1320 1494 1386 veniat,
1522 1334 1633 1386 quo
1656 1322 1715 1372 te
1739 1335 1957 1388 quoque
1980 1318 2212 1387 gaudet;

375 1405 540 1461 Mella
561 1405 738 1459 fluant
760 1404 858 1473 illi,
885 1404 1029 1459 ferat
1053 1409 1111 1459 et
1133 1404 1305 1459 rubus
1329 1421 1491 1473 asper
1514 1421 1811 1459 amomum.

445 1492 595 1547 Man.
635 1492 745 1559 Qui
771 1490 1002 1546 Bavium
1026 1506 1140 1545 non
1167 1490 1298 1561 odit,
1329 1495 1480 1546 amet
1502 1497 1601 1547 tua
1625 1493 1884 1561 earmina,
1914 1492 2111 1559 Naevi,
2342 1496 2410 1546 90

375 1580 560 1650 Atque
585 1578 730 1633 idem
755 1578 948 1647 iungat
971 1578 1162 1647 volpes
1187 1586 1246 1631 et
1269 1578 1513 1649 mulgeat
1536 1579 1736 1635 hireos,

445 1665 601 1719 Dm.
641 1664 750 1731 Qui
774 1662 960 1733 legitis
982 1663 1148 1717 flores
1171 1668 1230 1717 et
1255 1664 1407 1718 humi
1434 1666 1718 1719 nascentia
1740 1665 1917 1734 fraga,

373 1752 640 1821 Frigidus,
668 1767 703 1805 o
727 1750 900 1819 pueri,
928 1750 1108 1819 fugite
1131 1750 1276 1819 hino,
1305 1751 1445 1806 latet
1468 1752 1666 1821 anguis
1690 1752 1747 1805 in
1772 1752 1961 1808 herba.

443 1838 593 1893 Man.
632 1837 865 1905 Parcite,
895 1854 1041 1907 oves,
1073 1838 1305 1891 nimium
1332 1838 1661 1907 procedere:
1704 1854 1817 1891 non
1844 1838 1983 1892 bene
2006 1838 2159 1906 ripae

373 1924 661 1993 Oreditur3
701 1926 818 1995 ipse
843 1924 986 1980 aries
1007 1926 1178 1980 etiam
1200 1942 1350 1980 nune
1380 1926 1585 1981 vellera
1606 1926 1792 1981 siccat.
2342 1926 2407 1977 95

441 2010 596 2067 Dm.
635 2010 840 2081 Tityre,
865 2012 1142 2082 pascentis
1165 2030 1200 2067 a
1221 2012 1448 2068 flumine
1476 2013 1621 2069 reice
1646 2012 1911 2083 capellas:

370 2094 510 2166 Ipse,
533 2097 630 2151 ubi
649 2102 868 2167 tempus
885 2100 1007 2169 erit,
1035 2101 1216 2155 omnis
1241 2100 1296 2154 in
1321 2100 1482 2155 sonte
1506 2100 1719 2156 lavabo.

443 2185 594 2240 Man.
635 2185 832 2255 Cogite
855 2188 992 2253 ovis,
1022 2188 1213 2256 pueri3
1254 2188 1299 2241 si
1325 2188 1411 2242 lae
1436 2189 1781 2257 praeceperit
1806 2192 2003 2253 aestus,

372 2270 455 2325 Ut
475 2287 665 2341 nuper,
693 2272 900 2326 frustra
921 2274 1295 2341 pressabimus
1319 2275 1489 2327 ubera
1512 2273 1727 2343 palmia.

441 2356 596 2411 Dm.
637 2356 778 2425 Heu,
799 2356 923 2423 heu,
947 2374 1109 2427 quam
1130 2358 1320 2427 pingui
1339 2374 1525 2413 maoer
1544 2369 1627 2413 est
1652 2358 1785 2411 mihi
1806 2364 1997 2413 taurus
2014 2358 2080 2410 'in
2100 2358 2263 2411 ervo!
2305 2359 2407 2411 100

370 2442 526 2498 Idem
551 2460 709 2499 amor
733 2443 960 2497 exitium
985 2443 1172 2512 peoori
1199 2444 1521 2512 pecorisque
1546 2445 1829 2513 magistro.

439 2530 590 2585 Man.
631 2528 735 2583 His
757 2534 908 2583 certe
933 2545 1111 2598 neque
1137 2546 1294 2585 amor
1319 2545 1485 2584 eausa
1508 2536 1622 2584 est:
1664 2530 1759 2583 vix
1786 2530 1997 2585 ossibus
2018 2529 2265 2584 haerent.

369 2613 574 2669 Nescio
599 2614 722 2685 quis
742 2618 963 2669 teneros
987 2613 1178 2669 oculus
1201 2614 1338 2667 mihi
1361 2614 1598 2669 fascinat
1622 2631 1810 2684 agnos.

439 2701 596 2756 Dm.
634 2699 757 2770 Die,
787 2701 984 2769 quibus
1006 2700 1066 2754 in
1091 2701 1389 2755 terris—et
1412 2701 1521 2756 eris
1544 2700 1682 2755 mihi
1706 2716 1939 2769 magnus
1965 2699 2243 2769 Apollo-—

370 2784 491 2840 Tris
512 2792 701 2857 pateat
723 2786 858 2843 eseli
883 2788 1121 2857 spatium
1148 2804 1262 2841 non
1288 2787 1524 2857 amplius
1547 2788 1721 2842 ulnas.
2306 2789 2405 2839 105

437 2872 586 2929 Mau.
624 2873 746 2943 Dio,
773 2873 974 2943 quibus
997 2874 1058 2929 in
1079 2876 1246 2929 terris
1269 2873 1522 2943 inseripti
1546 2875 1772 2928 nomina
1794 2888 1987 2943 regum

367 2958 682 3015 Nascantur
703 2960 894 3029 θοι-ους
935 2967 992 3015 et
1015 2960 1274 3029 Phyllida
1297 2960 1445 3015 solus
1467 2960 1685 3015 habeto.

438 3046 573 3102 Pu„
612 3045 740 3102 Non
763 3054 1016 3101 nostrum
1041 3048 1188 3103 inter
1214 3065 1312 3103 vos
1335 3054 1519 3103 tantas
1544 3062 1873 3117 componere
1896 3046 2039 3101 lites.

369 3132 442 3187 Et
465 3132 638 3189 vitula
659 3139 722 3187 tu
748 3134 962 3204 dignus,
991 3139 1049 3189 et
1073 3134 1314 3203 hie,—et
1339 3134 1581 3204 quisquis
1604 3150 1822 3189 amores

367 3222 489 3275 Aut
511 3225 722 3276 metuet
747 3221 938 3291 duleis,
967 3230 1064 3277 aut
1089 3224 1407 3291 experietur
1430 3237 1664 3276 amaros.
2306 3220 2409 3273 110
2440 3286 2445 3294 ὀ

370 3306 624 3363 Claudite
648 3308 760 3362 iam
787 3308 950 3376 rivos,
979 3309 1170 3378 pueri:
1213 3314 1300 3361 sat
1323 3313 1487 3376 prata
1511 3307 1787 3363 biberunt.
