2725 3892
854 185 863 194 ·
953 175 1228 239 vanem
1275 179 1625 238 Annmnos'
1648 187 1737 238 Ν.

327 347 654 416 Coniugium
681 353 879 414 vocat;
921 348 1028 402 hoc
1053 349 1330 417 praetexit
1351 349 1572 403 nomine
1598 349 1833 419 eulpam.

201 433 693 505 -2--Extemplo
718 435 926 504 Libyae
951 452 1180 507 magnas
1203 437 1250 490 it
1275 435 1447 490 Fama
1470 451 1571 506 per
1595 436 1774 504 urbes,

327 520 512 590 Fama,
537 521 740 576 malum
770 539 878 592 qua
898 539 1014 577 non
1039 523 1190 579 aliud
1217 522 1463 578 velocius
1488 523 1659 576 ullum

103 606 169 707 λ(
327 607 636 664 Mobilitate
658 609 823 678 viget,
855 610 1094 680 virisque
1119 609 1359 680 adquirit
1384 609 1595 664 eundo:
2260 609 2362 667 175

225 676 267 806 D
328 695 510 750 Parva
533 701 682 750 metu
709 697 925 766 primo;
967 713 1096 752 mox
1124 713 1244 751 sese
1269 697 1477 751 attollit
1502 697 1561 750 in
1584 712 1763 764 auras,

147 740 224 890 bs
327 783 752 852 Ingrediturque
777 784 912 852 s010,
940 788 999 837 et
1022 793 1190 852 caput
1215 783 1362 839 inter
1390 783 1579 838 nubila
1602 783 1809 838 condit,

326 869 484 924 Illam
509 868 676 925 Terra
700 887 912 940 parens,
943 871 1026 924 ira
1050 870 1280 925 inritata
1302 869 1549 938 deorum,

327 955 662 1024 Extremam,
691 962 755 1011 ut
779 957 1094 1027 perhibent,
1125 956 1276 1011 Coeo
1303 955 1693 1025 Enceladoque
1719 973 1965 1013 sororem

327 1044 646 1112 Progeuuit,
677 1043 909 1114 pedibus
934 1043 1168 1099 celerem
1195 1049 1254 1097 et
1281 1043 1595 1113 pernicibus
1621 1043 1736 1110 alis,
2262 1046 2365 1098 180

329 1129 638 1185 Monstrum
665 1131 1016 1200 horrendum,
1046 1131 1255 1199 ingens,
1285 1130 1392 1198 eui,
1422 1135 1557 1199 quot
1582 1135 1710 1184 sunt
1736 1145 1970 1200 corpore
1994 1130 2231 1200 plumae.

328 1216 436 1271 Tot
459 1217 652 1286 vigiles
675 1217 818 1272 oculi
843 1218 1051 1283 subter,
1081 1215 1333 1272 mirabile
1359 1215 1529 1284 dictu,

329 1305 436 1359 Tot
455 1305 691 1374 linguae,
719 1303 954 1359 totidem
981 1320 1080 1359 ora
1103 1307 1319 1371 sonant,
1351 1307 1438 1357 tot
1464 1303 1699 1373 subrigit
1724 1304 1887 1360 auris.

329 1390 510 1446 Nocte
535 1391 686 1446 volat
709 1390 844 1445 caeli
868 1391 1053 1445 medio
1077 1395 1369 1462 terraeque
1394 1405 1495 1459 per
1518 1390 1791 1456 umbram,

330 1479 594 1544 Stridens,
621 1494 723 1532 nec
748 1477 894 1532 dulci
919 1477 1158 1532 declinat
1181 1477 1394 1531 lumina
1418 1492 1644 1543 somn03
2264 1479 2364 1532 185

331 1566 477 1621 Luce
501 1565 654 1620 sedet
677 1569 862 1620 custos
887 1569 984 1620 aut
1008 1565 1206 1619 summi
1233 1564 1474 1618 culmine
1500 1563 1651 1631 tecti,

329 1652 594 1707 Turribus
617 1655 716 1707 aut
739 1651 879 1720 altis,
909 1656 964 1706 et
988 1667 1216 1721 magnas
1239 1650 1464 1705 territat
1487 1650 1666 1718 urbes,

331 1739 464 1794 Tam
487 1739 603 1793 ficti
627 1738 892 1807 pravique
917 1743 1100 1806 tenax,
1130 1753 1294 1806 quam
1319 1737 1517 1790 nuntia
1539 1737 1673 1791 veri.

331 1827 482 1880 Haec
506 1831 628 1879 tum
650 1825 941 1894 multiplici
964 1823 1200 1894 populos
1223 1841 1477 1880 sermone
1500 1825 1750 1895 replebat

332 1912 592 1966 Gaudens
616 1917 676 1966 et
693 1912 905 1980 pariter
929 1911 1083 1966 facta
1107 1915 1272 1980 atque
1295 1911 1509 1966 infecta
1532 1912 1796 1967 canebat:
2262 1916 2367 1968 190

331 1998 570 2054 Venisse
591 1999 838 2066 Aenean,
862 1997 1101 2053 Troiano
1125 1999 1393 2067 sanguine
1426 2005 1656 2067 cretum,

330 2087 433 2142 Cui
457 2103 516 2141 se
541 2086 772 2157 pulchra
796 2085 918 2141 viro
941 2085 1202 2154 dignetur
1228 2087 1458 2155 iungere
1484 2087 1665 2154 Did03

329 2171 494 2228 Nunc
517 2173 756 2226 hiemem
781 2173 929 2226 inter
953 2188 1012 2226 se
1036 2171 1186 2240 luxu,
1217 2188 1387 2241 quam
1410 2173 1591 2242 longa,
1620 2174 1813 2229 fovere

327 2258 646 2328 Regnorum
671 2259 1024 2312 immemores
1049 2259 1308 2328 turpique
1333 2260 1591 2330 cupidine
1616 2266 1821 2330 captos.

327 2345 480 2400 Haec
503 2347 706 2414 passim
730 2345 836 2399 dea
857 2344 1021 2399 foeda
1046 2345 1228 2399 virum
1253 2345 1515 2401 diffundit
1540 2348 1596 2401 in
1612 2363 1740 2401 ora.
2256 2349 2359 2402 105

327 2431 592 2488 Protinus
615 2431 684 2488 ad
709 2447 896 2500 regem
925 2447 1116 2487 cursus
1143 2431 1438 2502 detorquet
1464 2432 1684 2502 Iarban,

325 2505 688 2588 Incenditque
715 2518 955 2574 animum
981 2517 1146 2573 dictis
1172 2523 1336 2588 atque
1363 2525 1589 2589 aggerat
1610 2521 1739 2576 iras.

396 2605 502 2660 Hie
521 2605 834 2662 Hammone
858 2609 1023 2671 satus,
1053 2611 1214 2674 rapta
1239 2605 1635 2662 Garamantide
1660 2607 1939 2678 Nympha,

324 2692 552 2762 Templa
575 2693 694 2748 Iovi
718 2697 940 2748 centum
963 2693 1094 2747 latis
1117 2693 1381 2749 immania
1404 2695 1603 2764 regnis,

325 2780 564 2834 Centum
589 2795 712 2834 aras
737 2779 937 2849 posuit,
965 2779 1299 2851 vigilemque
1327 2787 1642 2836 sacraverat
1664 2783 1866 2851 ignem,
2258 2785 2366 2838 200

323 2865 599 2922 Excubiae
624 2866 812 2920 divom
836 2873 1105 2934 aeternas,
1127 2867 1511 2938 pecudumque
1534 2884 1731 2923 cruore

322 2952 535 3022 Pingue
559 2953 734 3008 solum
761 2958 820 3008 et
843 2954 1011 3009 variis
1035 2954 1292 3010 florentia
1314 2955 1510 3010 limina
1534 2956 1713 3010 sertis.

323 3039 486 3110 Isque
509 3057 700 3095 amens
723 3040 894 3095 animi
920 3045 977 3096 et
1002 3057 1228 3096 rumore
1254 3057 1517 3097 aecensus
1540 3059 1727 3097 amaro

322 3126 541 3180 Dicitur
566 3133 696 3182 ante
721 3143 844 3182 aras
867 3126 1052 3181 media
1073 3128 1224 3182 inter
1247 3129 1479 3182 numina
1502 3127 1690 3182 divom

323 3211 499 3266 Multa
523 3212 713 3267 Iovem
740 3213 997 3268 manibus
1023 3213 1254 3282 supplex
1281 3231 1469 3269 orasse
1496 3215 1735 3284 supinis:
2258 3218 2364 3272 205

326 3301 360 3330 ‘⁴
379 3299 631 3368 Iuppiter
655 3301 1022 3368 omnipotens,
1051 3301 1139 3354 cui
1165 3316 1314 3354 nunc
1339 3301 1623 3355 Maurusia
1644 3301 1807 3370 pictis

325 3386 476 3440 Gens
499 3385 722 3454 epulata
743 3386 882 3440 toris
905 3386 1182 3440 Lenaeum
1208 3387 1346 3440 libat
1368 3386 1654 3455 honorem,

323 3470 544 3540 Aspicis
565 3471 740 3525 haec?
775 3487 844 3525 an
871 3477 944 3540 te,
973 3471 1208 3539 genitor,
1235 3489 1360 3526 cum
1390 3473 1625 3526 fulmina
1650 3480 1889 3542 torques,
1980 3503 1989 3508 -
