2725 3892
985 201 1264 252 VERGILI
1305 201 1637 252 ammos
1680 201 1773 252 111.

369 359 777 431 Quadrupedes,
807 368 865 415 et
887 361 1045 416 frena
1067 363 1196 430 iugo
1221 361 1517 416 concordia
1538 361 1715 416 ferre:

365 447 500 518 Spes
523 453 582 502 et
605 448 811 518 pacis,”
837 448 934 508 ait.
1005 447 1145 502 Tum
1171 449 1399 504 numina
1420 453 1613 503 saneta
1636 463 1925 517 precamur

365 533 604 588 Palladis
629 535 956 602 armisonae,
985 551 1126 604 quae
1149 536 1328 603 prima
1351 535 1566 604 accepit
1590 535 1826 603 ovantis,

221 641 337 688 uk„
365 621 440 676 Et
461 621 642 690 capita
665 627 794 675 ante
819 637 944 676 aras
967 621 1214 690 Phrygio
1239 621 1487 676 velamur
1512 621 1751 690 amictu;
2296 627 2398 680 545

365 696 788 777 Praeceptisque
812 708 1032 778 Heleni,
1059 708 1292 762 dederat
1315 723 1455 778 quae
1478 709 1739 778 maxima,
1766 710 1875 766 rite

365 794 566 849 Iunoni
590 795 833 864 Argivae
855 795 1032 850 iussos
1057 793 1340 850 adolemus
1363 794 1621 850 honores.

369 881 530 936 Haud
553 897 724 948 mora,
753 882 1018 936 continuo
1041 881 1306 951 perfectis
1329 881 1527 936 ordine
1554 884 1714 954 votis,

367 971 590 1024 Cornua
611 968 918 1024 velatarum
944 969 1285 1024 obvertimus
1309 975 1695 1040 antennarum,

367 1057 849 1126 Graiugenumque
873 1055 1070 1110 domos
1093 1062 1455 1128 suspectaque
1480 1059 1779 1129 linquimus
1800 1075 1953 1115 arva.
2294 1061 2399 1112 550

367 1143 512 1198 Hinc
535 1144 688 1198 sinus
713 1143 986 1213 Herculei,
1016 1145 1062 1198 si
1088 1161 1220 1199 vera
1244 1152 1329 1200 est
1353 1146 1523 1214 fama,
1554 1145 1779 1202 Tarenti

367 1230 660 1298 Cernitur3
697 1229 906 1285 attollit
927 1246 987 1284 se
1011 1230 1142 1286 diva
1165 1231 1389 1288 Lacinia
1414 1239 1624 1302 contra,

369 1317 740 1387 Caulonisque
761 1333 916 1371 arces
939 1323 998 1372 et
1021 1319 1373 1388 navifragum
1398 1320 1739 1387 Scylaceum.

367 1405 506 1459 Tum
530 1405 722 1475 procul
747 1421 778 1460 e
803 1403 976 1459 fluctu
999 1403 1282 1462 Trinacria
1305 1407 1551 1462 cernitur
1576 1407 1777 1476 Aetna,

366 1491 440 1546 Et
463 1493 726 1559 gemitum
749 1492 1033 1561 ingentem
1058 1493 1236 1562 pelagi
1259 1493 1585 1564 pulsataque
1608 1509 1741 1550 saxa
2296 1493 2399 1548 555

367 1577 642 1632 Audimus
663 1577 828 1647 longe
851 1580 1170 1649 tractasque
1197 1579 1268 1634 ad
1289 1579 1459 1636 litora
1482 1597 1661 1649 voces,

367 1665 766 1734 Exsultantque
793 1665 948 1736 vada,
977 1672 1144 1736 atque
1167 1671 1324 1722 aestu
1347 1668 1651 1722 miscentur
1672 1669 1925 1724 harenae.

367 1752 440 1807 Et
463 1757 620 1823 pater
645 1751 947 1808 Anchises:
993 1755 1027 1783 ‘⁶
1047 1753 1324 1808 Nimirum
1347 1755 1489 1809 haec
1512 1754 1607 1808 illa
1632 1754 1973 1822 Charybdis3

367 1839 487 1894 Hos
511 1839 756 1894 Helenus
779 1840 1046 1910 scopulos,
1074 1840 1212 1896 haec
1237 1857 1373 1896 saxa
1395 1840 1674 1896 horrenda
1696 1840 1947 1896 canebat.

367 1927 597 1998 Eripite,
625 1944 660 1982 o
681 1927 832 1996 socii,
863 1929 1178 1997 pariterque
1199 1928 1471 1998 insurgite
1494 1927 1716 1983 remis.”
2296 1929 2399 1982 560

367 2014 532 2070 Haud
555 2015 736 2068 minus
759 2031 825 2070 ac
848 2015 978 2068 iussi
1001 2015 1228 2084 faciunt,
1257 2015 1581 2085 primusque
1604 2014 1895 2070 rudentem

367 2102 654 2158 Oontorsit
677 2101 862 2156 laevas
886 2118 1104 2171 proram
1131 2102 1425 2156 Palinurus
1450 2101 1519 2156 ad
1544 2101 1751 2168 undas;

366 2189 604 2246 Laevam
629 2195 830 2245 cuncta
853 2190 1054 2244 cohors
1079 2189 1246 2244 remis
1271 2190 1561 2258 ventisque
1586 2187 1799 2257 petivit.

367 2276 633 2331 Tollimur
655 2277 713 2331 in
738 2277 948 2332 caelum
973 2283 1204 2331 curvato
1229 2276 1463 2344 gurgite,
1490 2281 1549 2330 et
1572 2274 1718 2328 idem

367 2363 652 2419 Subducta
677 2363 746 2418 ad
771 2364 950 2418 Manis
973 2363 1116 2418 imos
1137 2362 1453 2417 desedimus
1475 2360 1641 2416 unda.
2294 2361 2399 2412 565

366 2447 472 2502 Ter
496 2447 704 2518 scopuli
731 2447 1026 2503 clamorem
1051 2448 1196 2501 inter
1219 2464 1358 2502 cava
1376 2463 1509 2502 saxa
1532 2445 1760 2516 deder03

366 2535 474 2590 Ter
499 2552 748 2606 spumam
774 2536 962 2591 elisam
989 2541 1046 2590 et
1070 2536 1314 2590 rorantia
1338 2534 1580 2588 vidimus
1603 2539 1768 2590 astra.

365 2621 588 2678 Interea
609 2625 784 2679 fessos
809 2629 1006 2680 ventus
1028 2641 1158 2678 cum
1179 2623 1294 2678 sole
1323 2621 1565 2690 reliquit,

365 2709 659 2781 Ignarique
684 2712 806 2766 viae
830 2711 1136 2780 Cyclopum
1161 2709 1472 2765 adlabimur
1496 2709 1625 2763 oris.

435 2797 640 2852 Portus
663 2799 734 2852 ab
759 2815 980 2853 accessu
1005 2805 1298 2853 ventorum
1323 2798 1589 2852 immotus
1612 2800 1670 2850 et
1692 2795 1886 2864 ingens
2294 2793 2401 2849 570

366 2881 520 2953 Ipse;
561 2883 660 2939 sed
683 2884 957 2940 horrificis
981 2885 1136 2940 iuxta
1155 2891 1316 2942 tonat
1343 2887 1529 2940 Aetna
1552 2882 1742 2952 ruinis,

367 2969 758 3041 Interdumque
784 2977 960 3027 atram
984 2973 1296 3043 prorumpit
1321 2971 1391 3027 ad
1421 2972 1648 3028 aethera
1670 2969 1891 3036 nubem,

366 3056 606 3112 Turbine
629 3060 938 3113 fumantem
963 3060 1118 3129 piceo
1143 3049 1204 3112 et'
1221 3059 1493 3114 candente
1524 3056 1727 3124 favilla,

368 3143 700 3214 Attollitque
724 3145 918 3213 globos
941 3145 1288 3201 flammarum
1313 3151 1371 3200 et
1396 3145 1578 3200 sidera
1601 3143 1831 3210 lambit3

365 3229 652 3285 Interdum
676 3232 930 3301 scopulos
953 3231 1246 3300 avulsaque
1273 3231 1485 3284 viscera
1507 3230 1715 3283 montis
2294 3221 2403 3284 5¹15

363 3315 545 3384 Erigit
569 3323 837 3385 eructans,
859 3317 1260 3387 liquefactaque
1283 3333 1419 3371 saxa
1444 3317 1545 3372 sub
1570 3331 1733 3370 auras

365 3401 506 3456 Cum
531 3403 739 3472 gemitu
763 3402 1048 3472 glomerat,
1077 3401 1361 3472 fundoque
1386 3407 1669 3457 exaestuat
1690 3401 1821 3455 imo.

365 3485 537 3543 Fama
560 3493 644 3542 est
668 3485 933 3544 Enceladi
959 3492 1258 3544 semustum
1285 3487 1515 3542 fulmine
1540 3499 1742 3556 corpus
