2725 3892
983 228 1260 280 mmm
1305 230 1636 281 AENEIDOS
1678 231 1764 282 XI.

353 390 590 447 Pectora
613 390 932 459 pectoribus
957 396 1251 459 rumpunt3
1293 408 1553 445 excussus
1578 394 1866 448 Aconteus
2290 394 2390 446 615

353 477 624 532 Fulminis
647 477 704 530 in
730 494 942 551 morem
969 482 1064 531 aut
1088 484 1365 532 tormento
1392 478 1653 547 ponderis
1677 478 1802 545 acti,

352 563 692 633 Praecipitat
714 563 894 633 longe,
925 568 982 617 et
1007 564 1178 617 vitam
1205 563 1476 633 dispergit
1500 566 1559 617 in
1586 580 1760 619 auras.

351 649 650 719 Extemplo
673 651 928 704 turbatae
955 649 1114 718 acieS,
1140 651 1393 719 versique
1414 650 1597 705 Latini

353 737 612 791 Reiciunt
634 752 853 805 parmas
879 742 935 790 et
959 752 1130 804 equos
1153 736 1224 789 ad
1247 738 1467 791 moenia
1494 744 1731 793 vertunt.

353 824 525 879 Troes
549 828 748 892 agunt3
787 824 1046 892 princeps
1070 827 1280 876 turmas
1303 822 1519 877 inducit
1544 824 1741 879 Asilas.
2286 830 2391 881 620

354 903 579 980 Iamque
604 910 1052 980 propinquabant
1075 909 1266 977 portis,
1295 902 1591 979 rursusque
1618 912 1803 966 Latini

353 997 665 1052 Clamorem
686 996 905 1065 tollunt,
933 1000 992 1049 et
1015 995 1205 1049 mollia
1229 995 1373 1051 colla
1398 997 1719 1053 reflectunt:

354 1084 430 1137 Hi
453 1084 690 1151 fugiunt,
721 1084 1050 1152 penitusque
1075 1082 1220 1136 datis
1246 1083 1561 1138 referuntur
1584 1076 1829 1141 habenis.

353 1171 546 1237 Qualis
571 1170 662 1223 ubi
690 1169 904 1223 alterno
928 1186 1259 1238 procurrens
1289 1173 1505 1241 gurgite
1529 1178 1734 1241 pontus
1796 1156 1803 1165 ⁵

353 1256 520 1333 Nunc
542 1258 654 1309 ruit
680 1256 751 1310 ad
775 1244 998 1333 terram,
1028 1258 1391 1328 scopulosque
1414 1260 1707 1328 superiacit
1732 1259 1882 1315 unda
2286 1264 2389 1313 625

353 1344 638 1413 SpumeuS,
667 1349 1078 1412 extremamque
1102 1345 1222 1398 sinu
1247 1346 1533 1414 perfundit
1555 1346 1849 1414 harenam;

309 1434 320 1449 '
355 1428 518 1483 Nunc
542 1428 768 1497 rapidus
793 1436 944 1485 retro
967 1436 1132 1499 atque
1157 1442 1312 1489 aestu
1341 1422 1593 1489 reuoluta
1616 1433 1919 1510 resorbens,
1963 1445 2028 1481 “x

355 1516 498 1571 Saxa
523 1515 682 1584 fugit,
709 1516 950 1585 litusque
974 1517 1119 1572 vado
1139 1518 1360 1574 labente
1385 1520 1660 1590 relinquit.
1884 1506 1893 1513 ¹

354 1602 452 1656 Bis
477 1602 633 1656 Tusci
663 1602 900 1659 Rutulos
924 1622 1086 1675 egere
1115 1606 1184 1660 ad
1210 1608 1429 1664 moenia
1455 1624 1675 1673 versos3
1736 1656 1741 1663 .

353 1674 452 1751 Bis
477 1688 666 1743 reiecti
692 1691 859 1745 armis
871 1698 1202 1771 respectant
1229 1699 1385 1761 terga
1410 1698 1676 1767 tegentes.
2286 1698 2389 1747 680

354 1775 540 1831 Tertia
563 1776 658 1830 sed
683 1784 980 1848 postquam
1005 1780 1282 1859 congressi
1309 1781 1366 1833 in
1393 1780 1605 1849 proelia
1628 1785 1777 1835 totas
1844 1780 1851 1787 ’

353 1862 682 1933 Implicuere
706 1866 854 1919 inter
877 1883 938 1919 se
962 1867 1124 1935 acies,
1153 1867 1395 1936 legitque
1422 1868 1603 1921 virum
1630 1869 1730 1935 vir,

354 1950 492 2005 Tum
519 1968 654 2005 vero
679 1957 736 2007 et
760 1953 998 2021 gemitus
1023 1954 1373 2021 morientum,
1408 1960 1465 2009 et
1490 1956 1755 2025 sanguine
1780 1955 1837 2008 in
1863 1955 1977 2011 alto

353 2038 636 2107 Armaque
661 2054 998 2109 corporaque
1023 2046 1082 2095 et
1105 2042 1366 2109 permixti
1392 2042 1561 2095 caede
1589 2042 1831 2095 virorum

355 2125 714 2181 Semianimes
738 2126 1040 2193 volvuntur
1066 2128 1222 2197 equi3
1265 2144 1451 2197 pugna
1474 2143 1667 2196 aspera
1691 2128 1880 2195 surgit.
2286 2130 2389 2182 635

355 2209 679 2269 Orsilochus
703 2214 936 2285 Remuli,
965 2216 1225 2285 quando*
1210 2231 1393 2286 ipsum
1417 2202 1681 2269 horrebat
1706 2214 1873 2279 adire,

357 2300 586 2383 Hastam
613 2302 835 2365 intorsit
859 2320 1016 2372 equo,
1045 2302 1358 2371 ferrumque
1385 2302 1485 2356 sub
1512 2319 1643 2357 aure
1666 2301 1907 2371 reliquit.
1974 2356 1977 2359 ,

357 2386 482 2451 Quo
507 2376 726 2457 sonipes
751 2390 864 2444 ictu
887 2378 1025 2444 furit
1051 2390 1268 2458 arduus,
1297 2389 1517 2458 altaque
1542 2389 1709 2443 iactat

357 2472 618 2528 Vulneris
644 2460 936 2545 impatiens
961 2484 1178 2531 arrecto
1205 2484 1429 2545 pectore
1453 2492 1625 2531 crura.

357 2558 620 2615 Volvitur
643 2560 736 2617 ille
761 2578 1021 2617 excussus
1045 2562 1217 2617 humi.
1295 2563 1528 2649 Catillus
1551 2561 1741 2629 Iollan,
2290 2564 2393 2615 640

356 2646 750 2718 lugentemque
776 2649 988 2717 animis,
1015 2649 1296 2721 ingentem
1323 2640 1555 2719 corpore
1580 2656 1639 2703 et
1660 2648 1829 2737 armis

356 2733 540 2789 Deicit
566 2735 928 2799 Herminium
958 2736 1108 2791 nudo
1134 2737 1222 2791 cui
1253 2737 1459 2791 vertice
1485 2735 1642 2791 fulva

357 2820 652 2891 Caesaries,
675 2822 918 2892 nudique
944 2823 1152 2889 umeri3
1193 2840 1300 2878 nec
1325 2824 1555 2878 volnera
1580 2826 1824 2877 terrent·
1810 2864 1824 2886 ‚

356 2906 561 2962 Tantus
584 2909 636 2961 in
665 2926 822 2987 arma
845 2914 1014 2978 patet.
1087 2908 1256 2963 Latos
1278 2910 1410 2963 huic
1436 2910 1597 2965 hasta
1621 2924 1719 2979 per
1745 2924 1929 2963 armos

355 2992 502 3048 Acta
525 2996 734 3067 tremit,
757 2994 1112 3064 duplicatque
1139 2996 1315 3049 virum
1341 2996 1609 3051 transfixa
1634 2994 1840 3050 dolore.
2288 2996 2391 3047 645

356 3079 627 3135 Funditur
651 3088 771 3136 ater
795 3076 1002 3149 ubique'
1025 3098 1222 3147 cruor3
1261 3082 1399 3135 dant
1422 3082 1617 3135 funera
1641 3084 1789 3135 ferro

357 3166 664 3235 Certantes,
695 3167 1090 3236 pulchramque
1113 3173 1314 3236 petunt
1335 3184 1437 3235 per
1462 3167 1689 3221 volnera
1712 3175 1969 3223 mortem.

425 3252 508 3306 At
534 3253 742 3309 medias
765 3254 914 3306 inter
939 3254 1134 3307 caedes
1159 3254 1405 3307 exsultat
1430 3254 1697 3321 Amazon,

355 3338 542 3393 Unum
569 3346 787 3394 exserta
809 3339 956 3393 latus
979 3355 1210 3407 pugnae,
1239 3339 1563 3407 pharetrata
1588 3337 1853 3403 Camilla;

353 3425 430 3481 Et
454 3443 600 3480 nunc
625 3427 777 3481 lenta
802 3442 970 3478 manu
997 3441 1260 3494 spargens
1285 3424 1506 3480 hastilia
1529 3424 1741 3491 denset,
2296 3420 2399 3469 650

356 3512 520 3568 Nunc
546 3512 782 3567 validam
809 3511 1004 3564 dextra
1029 3512 1174 3581 rapit
1199 3510 1469 3563 indefessa
1493 3509 1787 3577 bipennem
1808 3526 1823 3575 ς
