2725 3892
1246 11 1328 44 ,ω
1400 0 1432 40 50
1523 31 1557 44 ..
1729 22 1738 37 ι
1869 3 1904 38 ι’,

338 143 436 250 Ἢ
518 213 525 228 ⁸
686 146 692 153 ·
810 221 817 228 ⁹
899 135 1184 218 vsi-tom!
1220 137 1550 220 ψβροε
1593 137 1742 235 yur,
1805 193 1820 211 ‚

292 291 476 348 Sensit
498 293 646 349 laeta
669 295 811 350 dolis
836 301 895 350 et
917 297 1128 351 formae
1154 298 1372 352 conscia
1395 299 1654 355 coniunx.

290 375 431 430 Tum
454 383 614 447 pater
636 383 865 433 aeterno
886 379 1041 433 fatur
1064 380 1360 435 devinctus
1385 399 1600 438 amore:

294 467 329 493 “
348 464 491 530 Quid
516 481 707 520 causas
730 454 874 535 petis
896 481 967 521 ex
992 467 1145 521 alto?
1182 467 1387 523 fiducia
1417 471 1584 525 cessit
1615 467 1660 528 <

291 551 415 617 Quo
440 551 559 620 tibi,
586 550 731 619 diva,
756 552 905 607 mei?
978 553 1186 608 Similis
1210 555 1256 609 si
1280 571 1416 610 cura
1439 556 1647 624 fuisset,

289 635 428 690 Tum
456 653 671 706 quoque
694 638 783 692 fas
804 639 965 693 nobis
988 639 1227 695 Teucros
1250 657 1466 697 armare
1489 644 1717 712 fuisset3

288 723 408 778 Nee
432 722 599 777 Pater
621 725 974 793 omnipotens
997 724 1215 780 Troiam
1240 743 1345 781 nec
1371 729 1492 783 fata
1514 731 1781 786 vetabant

288 811 447 865 Stare
471 810 771 880 decemque
794 812 931 867 alios
954 812 1235 866 Priamum
1262 829 1549 882 superesse
1573 833 1673 886 per
1695 833 1888 872 annos.
1917 837 1932 883 l

286 896 363 950 Et
387 913 549 962 nunc,
578 896 623 950 si
650 897 853 952 bellare
877 915 1038 968 paras
1063 906 1227 976 atque
1254 900 1394 954 haee
1418 901 1524 955 tibi
1548 918 1704 957 mens
1727 909 1825 972 est,
1950 934 1960 942 =

286 981 566 1052 Quidquid
590 983 648 1036 in
671 989 791 1038 arte
814 1001 941 1040 mea
963 1002 1185 1055 possum
1212 987 1541 1056 promittere
1563 993 1760 1060 curae,‘

288 1070 449 1136 Quod
472 1069 595 1124 fieri
618 1071 770 1126 ferro
794 1071 1075 1141 liquidove
1101 1081 1285 1150 potest
1316 1063 1540 1148 eleetro,

286 1156 564 1223 Quantum
587 1158 742 1226 ignes
766 1160 1089 1229 animaeque
1116 1163 1313 1232 valent,
1337 1165 1539 1218 absiste
1563 1165 1844 1233 precando

286 1243 517 1298 Viribus
538 1243 854 1299 indubitare
875 1245 1037 1300 tuis.'’
1108 1247 1192 1303 Ea
1214 1250 1386 1304 verba
1408 1251 1640 1310 locutus,

285 1333 521 1400 Optatos
543 1331 698 1386 dedit
720 1332 1019 1403 amplexus,
1052 1335 1436 1406 placidumque
1459 1337 1658 1406 petivit

284 1421 549 1490 Coniugis
572 1422 786 1476 infusus
810 1425 1022 1492 gremio
1046 1440 1145 1494 per
1168 1424 1417 1479 membra
1439 1440 1712 1494 soporem.

354 1506 490 1562 Inde
514 1507 608 1562 ubi
633 1509 814 1577 prima
838 1512 991 1581 quies
1012 1511 1198 1566 medio
1224 1512 1333 1566 iam
1358 1511 1556 1566 Noctis
1579 1513 1806 1568 abactae

284 1594 573 1649 Curriculo
596 1597 883 1665 expulerat
904 1615 1173 1665 somnum,
1202 1615 1329 1653 cum
1352 1599 1563 1656 femina
1585 1599 1841 1668 primum,

282 1681 385 1734 Cui
412 1680 650 1736 tolerare
674 1683 797 1738 colo
821 1685 993 1740 vitam
1018 1686 1283 1754 tenuique
1306 1679 1560 1753 Minaei-va

282 1766 624 1835 Impositum,
654 1769 895 1825 cinerem
922 1776 979 1825 et
1002 1771 1213 1839 sopitos
1240 1771 1470 1826 suscitat
1492 1771 1650 1842 ignis,

282 1849 517 1914 Noctem
544 1859 751 1915 addens
774 1858 945 1928 operi,
980 1857 1319 1926 famulaque
1342 1857 1412 1912 ad
1437 1857 1646 1912 lumina
1671 1857 1834 1930 longo

280 1945 515 2002 Exercet
536 1965 725 2018 penso,
754 1952 964 2002 castum
991 1950 1055 1999 ut
1078 1961 1301 1999 servare
1324 1944 1506 2000 cubile

280 2031 543 2103 Coniugis
566 2040 625 2089 et
650 2034 822 2103 possit
846 2047 1047 2101 parvos
1070 2030 1305 2086 educere
1327 2035 1520 2085 natos:

278 2119 440 2174 Haud
466 2139 623 2178 secus
648 2120 971 2189 Ignipotens
994 2135 1097 2173 nec
1124 2124 1370 2188 tempore
1395 2119 1614 2186 segnior
1641 2119 1734 2172 illo

278 2205 537 2262 Mollibus
561 2224 594 2263 e
617 2210 805 2264 stratis
828 2226 997 2279 opera
1022 2208 1090 2263 ad
1116 2206 1340 2261 fabrilia
1362 2205 1553 2274 surgit.
1669 2220 1700 2242 ς

278 2290 464 2349 Insula
487 2293 763 2350 Sicanium
792 2297 949 2352 iuxta
972 2295 1119 2350 latus
1144 2293 1509 2362 Aeoliamque

274 2375 526 2449 Erigitur
550 2381 802 2450 Liparen,
830 2381 1171 2437 fumantibus
1196 2379 1368 2434 ardua
1391 2379 1551 2442 saxis,

276 2465 458 2532 Quam
482 2467 672 2521 subter
694 2483 891 2539 specus
914 2473 973 2523 et
1000 2467 1305 2536 Cyclopum
1330 2481 1496 2520 exesa
1519 2463 1748 2520 caminis

275 2551 460 2608 Antra
482 2553 734 2610 Aetnaea
754 2560 968 2624 tonant,
997 2554 1273 2626 validique
1296 2553 1586 2610 incudibus
1608 2551 1750 2606 ictus

276 2639 471 2695 Auditi
496 2641 739 2696 referunt
764 2643 1045 2712 gemitum,
1072 2641 1422 2712 striduntque
1446 2639 1698 2694 cavernis

274 2727 579 2784 Stricturae
604 2729 931 2798 Chalybum,
961 2734 1019 2783 et
1044 2729 1364 2784 fornacibus
1392 2728 1539 2797 ignis
1562 2725 1800 2793 anhelat,

274 2812 510 2870 Volcani
533 2816 745 2884 domus,
774 2821 832 2872 et
854 2816 1129 2872 Volcania
1150 2816 1378 2870 nomine
1401 2815 1580 2870 tellus.

274 2901 397 2956 Hoc
421 2907 553 2957 tunc
578 2902 901 2973 Ignipotens
934 2903 1087 2958 eaelo
1112 2902 1398 2958 descendit
1421 2902 1489 2957 ab
1515 2901 1646 2957 alto,

272 2987 501 3043 Ferrum
528 2990 861 3065 exercebant
886 2996 1043 3045 vasto
1068 2989 1337 3058 Cyclopes
1360 2989 1422 3042 in
1448 2993 1630 3056 antro,

272 3073 619 3146 Brontesque
642 3075 1012 3147 Steropesque
1038 3084 1095 3132 et
1120 3075 1299 3130 nudus
1324 3069 1574 3128 membra
1597 3073 1929 3142 Pyracmon.

274 3159 375 3214 His
398 3161 753 3218 informatum
780 3163 1036 3217 manibus
1060 3163 1171 3217 iam
1196 3168 1358 3232 parte
1386 3159 1561 3230 polita

272 3247 502 3302 Fulmen
528 3255 663 3318 erat,
694 3254 815 3304 toto
840 3249 1079 3306 Genitor
1102 3265 1242 3318 quae
1266 3246 1506 3318 plurima
1527 3247 1682 3304 caelo

270 3333 457 3398 Deicit
478 3335 535 3388 in
556 3341 753 3403 terras,
781 3351 909 3404 pars
932 3335 1261 3405 imperfecta
1280 3335 1558 3390 manebat.

225 3409 236 3416 '
271 3415 393 3470 Tris
414 3419 609 3474 imbris
630 3421 767 3474 torti
792 3421 993 3488 radios,
1020 3421 1124 3475 tris
1148 3421 1313 3474 nubis
1340 3435 1578 3488 aquosae

2219 476 2322 528 895

2211 911 2318 962 400

2209 1346 2314 1396 405

2205 1779 2312 1828 410

2205 2211 2308 2262 416

2201 2645 2306 2696 420

2201 3079 2304 3130 425
