2725 3892
937 215 1212 268 VERGILI
1255 215 1587 268 Animos
1631 217 1697 268 IL

293 377 515 435 Incidit.
589 380 698 435 Ast
721 379 816 434 alii
841 379 1094 448 subeunt,
1120 393 1223 434 nec
1245 394 1395 448 saxa,
1423 394 1526 432 nec
1548 378 1723 432 ullum

294 465 557 520 Telorum
579 467 794 520 interea
815 471 996 520 cessat
1017 481 1205 534 genus.

369 550 722 607 Vestibulum
747 557 874 606 ante
897 552 1076 620 ipsum
1099 551 1475 620 primoque.in
1498 551 1691 606 limine
1714 551 1963 620 Pyrrhus

294 637 571 706 Exsultat,
597 638 724 693 telis
747 642 804 693 et
825 636 948 692 luce
971 653 1232 692 coruscus
1255 645 1429 692 aena:

298 724 490 790 Qualis
517 725 610 780 ubi
632 725 692 779 in
715 723 896 780 lucem
921 723 1146 778 coluber
1167 723 1316 779 mala
1337 725 1588 794 gramina
1612 729 1818 794 pastus,

295 810 524 880 Frigida
545 811 648 866 sub
671 815 822 865 terra
841 809 1118 865 tumidum
1143 827 1308 880 quem
1331 812 1533 865 bruma
1554 811 1795 880 tegebat,

297 895 478 964 Nunc,
505 897 702 966 positis
723 912 903 952 novus
925 897 1141 952 exuviis
1161 896 1481 966 nitidusque
1503 897 1744 964 iuventa,

295 982 536 1038 Lubrica
559 982 842 1038 convolvit
865 983 1084 1038 sublato
1101 989 1328 1052 pectore
1351 987 1511 1052 terga

296 1069 530 1125 Arduus
554 1069 624 1124 ad
649 1069 841 1139 solem,
868 1073 927 1124 et
947 1069 1152 1138 linguis
1173 1069 1346 1124 micat
1370 1085 1469 1123 ore
1492 1069 1748 1125 trisulcis.

298 1154 428 1210 Una
447 1155 640 1225 ingens
661 1155 932 1226 Periphas
954 1160 1012 1210 et
1037 1172 1305 1225 equorum
1331 1155 1573 1224 agitator
1597 1155 1847 1224 Achillis,

296 1243 560 1314 Armiger
583 1242 956 1312 Automedon,
983 1259 1098 1298 una
1119 1243 1300 1298 omnis
1323 1241 1519 1309 Scyria
1540 1242 1717 1311 pubes

297 1329 613 1384 Succedunt
633 1333 804 1397 tecto,
833 1334 890 1384 et
911 1329 1161 1384 flammas
1185 1328 1256 1384 ad
1281 1328 1523 1384 culmina
1546 1328 1769 1383 iactant.

297 1415 426 1485 Ipse
448 1416 594 1470 inter
615 1416 827 1485 primos
849 1419 1104 1485 correpta
1125 1415 1266 1469 dura
1289 1415 1513 1484 bipenni

297 1502 520 1557 Limina
540 1503 866 1572 perrumpit,
893 1503 1178 1571 postisque
1201 1518 1236 1556 a
1259 1501 1483 1556 cardine
1506 1501 1665 1556 vellit

299 1588 566 1655 Aeratos3
604 1589 826 1658 iamque
848 1589 1034 1644 excisa
1054 1588 1216 1642 trabe
1237 1585 1401 1642 firma
1422 1589 1639 1644 cavavit

297 1675 540 1745 Robora,
567 1681 626 1730 et
648 1675 930 1744 ingentem
955 1673 1072 1728 lato
1094 1673 1252 1728 dedit
1275 1689 1375 1730 ore
1396 1673 1716 1731 fenestram.

297 1763 552 1832 Apparet
573 1762 772 1817 domus
788 1761 960 1830 intua,
988 1765 1048 1815 et
1069 1761 1210 1816 atria
1231 1759 1399 1830 longa
1418 1767 1737 1832 patescunt3

296 1848 592 1917 Apparent
613 1847 824 1903 Priami
848 1853 906 1902 et
929 1851 1180 1901 veterum
1201 1847 1507 1923 penetralia
1528 1863 1735 1918 regum,

297 1933 672 2002 Armatosque
695 1932 890 1987 vident
913 1931 1110 1986 stantis
1134 1932 1194 1986 in
1217 1930 1409 1986 limine
1436 1933 1627 2002 primo.

294 2003 372 2050 ‘³'
370 2019 452 2074 At
474 2019 672 2074 domus
693 2018 928 2073 interior
949 2019 1158 2088 gemitu
1179 2019 1492 2088 miseroque
1515 2019 1757 2074 tumultu

297 2107 577 2177 Miscetur,
607 2107 930 2178 penitusque
951 2123 1120 2162 cavae
1141 2106 1501 2176 plangoribus
1523 2106 1687 2160 aedes

297 2193 576 2249 Femineis
598 2192 842 2262 ululant3
880 2193 1016 2248 ierit
1043 2209 1211 2249 aurea
1233 2192 1415 2248 sidera
1436 2192 1659 2248 clamor.

297 2279 439 2334 Tum
463 2279 697 2350 pavidae
719 2281 884 2336 tectis
905 2285 1112 2336 matres
1127 2279 1451 2350 ingentibus
1472 2285 1677 2350 errant,

297 2367 714 2438 Amfflexaeque
737 2372 932 2424 tenent
955 2369 1130 2438 postis
1153 2376 1319 2438 atque
1343 2369 1531 2424 oscula
1552 2367 1749 2438 figunt.

298 2453 480 2509 Instat
501 2456 560 2510 vi
583 2455 766 2525 patria
785 2454 1066 2523 Pyrrhus3
1105 2472 1210 2512 nec
1234 2455 1487 2524 claustra,
1514 2471 1693 2525 neque
1716 2456 1823 2525 ipsi

299 2540 570 2597 Custodes
591 2542 822 2598 sufferre
843 2541 1064 2610 valent3
1105 2543 1258 2598 labat
1281 2543 1455 2598 ariete
1478 2543 1675 2598 crebro

295 2624 484 2696 Ianua,
511 2633 570 2684 et
592 2629 764 2684 emoti
786 2630 1158 2700 procumbunt
1181 2631 1407 2686 cardine
1426 2635 1625 2700 postes.

295 2713 390 2769 nt
411 2715 502 2771 via
523 2717 614 2784 vig
653 2721 920 2786 rumpunt
942 2717 1140 2784 aditus,
1167 2717 1485 2787 primosque
1506 2717 1789 2774 trucidant

297 2798 533 2856 Immissi
557 2799 754 2870 Danai,
781 2807 840 2856 et
859 2802 974 2858 late
994 2802 1120 2858 loca
1143 2803 1320 2858 milite
1345 2803 1643 2874 complent.

296 2885 430 2942 Non
452 2889 544 2958 sic,
571 2890 864 2958 aggeribus
884 2891 1066 2960 ruptis
1087 2907 1210 2946 cum
1237 2907 1499 2961 spumeus
1522 2891 1701 2946 amnis

293 2971 452 3029 Exiit
475 2977 865 3046 oppositasque
887 2977 1058 3032 evicit
1078 2977 1294 3047 gurgite
1315 2977 1507 3047 moles,

293 3059 494 3116 Fertur
519 3061 580 3116 in
603 3078 737 3117 arva
757 3062 950 3118 furens
973 3063 1210 3134 cumulo,
1237 3079 1571 3134 camposque
1593 3081 1693 3136 per
1716 3066 1897 3121 omnis

295 3147 438 3204 Oum
461 3147 696 3203 stabulis
718 3153 972 3206 menta
993 3150 1182 3206 trahit.
1256 3149 1395 3206 Vidi
1416 3151 1537 3220 ipse
1560 3151 1835 3207 furentem

294 3233 478 3290 Caede
502 3234 936 3306 Neoptolemum
960 3237 1318 3308 geminosque
1340 3238 1401 3291 in
1424 3236 1615 3294 limine
1638 3237 1893 3306 Atridam

293 3320 432 3376 Vidi
455 3321 746 3378 Hecubam
771 3329 1104 3393 centumque
1125 3341 1312 3392 nurus,
1342 3323 1737 3393 Priamumque
1757 3340 1859 3393 per
1882 3337 2009 3379 aras

292 3407 578 3479 Sanguine
601 3407 938 3474 foedantem,
966 3426 1104 3479 quos
1125 3410 1246 3480 ipse
1269 3413 1597 3478 sacraverat,
1626 3410 1787 3479 ignis.

289 3494 710 3567 Quinquaginta
733 3493 812 3550 illi
837 3493 1082 3566 thalami,
1109 3512 1234 3566 spes
1257 3501 1413 3552 tanta
1436 3499 1717 3564 nepotum,

2230 637 2337 696 470

2232 1069 2337 1126 475

2228 2359 2455 2426 490·

2228 2807 2337 2860 495

2230 3233 2339 3288 500
