2725 3892
953 240 1227 292 VERGILI
1271 240 1600 293 AENEIDOS
1647 244 1734 296 11.

275 397 283 405 ’
398 403 624 474 Iamque
649 402 828 459 omnis
853 402 1062 473 campis
1085 404 1360 456 exercitus
1382 402 1501 457 ibat
1525 405 1747 473 apertis,

326 488 498 545 Dives
521 506 740 561 equum,
767 488 924 543 dives
947 474 1116 557 pictai
1138 488 1309 542 vestis
1333 497 1393 544 et
1416 490 1563 559 ειη-ῖς

326 570 838 646 Messapus'primas
863 576 1019 643 acies,
1046 564 1328 645 postrema
1351 582 1612 631 coercent

327 658 632 731 Tyrrhidae
653 664 909 729 iuvenes3
949 662 1130 715 medio
1153 661 1266 715 dux
1293 664 1513 731 agmine
1536 664 1780 731 Turnum

329 748 610 820 [Vertitur
634 765 786 804 arma
810 746 1017 817 tenens,
1047 753 1104 802 et
1129 752 1252 801 toto
1279 750 1484 803 vertice
1510 766 1678 819 supra
1702 750 1823 819 eat].

329 836 446 891 Oeu
471 841 681 917 septem
707 852 938 906 surgens
959 834 1164 889 sedatis
1189 837 1444 890 amnibus
1468 836 1613 890 altus

329 923 438 978 Per
462 924 692 978 tacitum
718 922 956 991 Gange&
987 925 1086 975 aut
1108 922 1304 991 pingui
1327 922 1553 977 flumine
1578 922 1741 979 Nilus

331 1011 473 1065 Cum
497 1008 681 1064 refluit
703 1008 912 1078 campis
935 1017 994 1062 et
1014 1008 1124 1063 iam
1151 1024 1210 1063 se
1233 1008 1485 1063 condidit
1508 1010 1681 1065 alveo.

330 1098 438 1153 Hic
461 1096 699 1151 subitam
721 1096 882 1167 nigro
907 1094 1200 1177 glomerari
1227 1095 1452 1164 pulvere
1476 1098 1681 1151 nubem

330 1182 682 1259 prospiciunt
704 1182 918 1250 Teucri,
947 1198 1012 1235 ee
1039 1180 1293 1235 tenebras
1316 1182 1601 1249 insurgere
1624 1184 1847 1259 campis.

329 1268 550 1324 Primus
573 1268 643 1323 ab
668 1268 898 1323 adversa
923 1262 1229 1322 conclamat
1254 1266 1401 1321 mole
1427 1268 1653 1323 Caicus:
1762 1276 1769 1283 ’

330 1358 367 1387 “
384 1356 521 1423 Quis
544 1356 754 1425 globus,
785 1372 820 1411 o
843 1356 1007 1425 cives,
1035 1355 1267 1435 caligine
1293 1356 1535 1410 volvitur
1560 1358 1715 1411 atra?

329 1443 494 1498 Ferte
518 1442 615 1498 citi
637 1443 860 1513 ferrum,
891 1442 1020 1497 date
1045 1442 1170 1511 tela,
1200 1441 1479 1497 ascendite
1504 1460 1705 1499 muros.

329 1529 520 1585 Hostis
542 1530 712 1599 adest,
741 1530 950 1585 heia1”
987 1529 1207 1598 Ingenti
1231 1531 1475 1585 clamore
1498 1544 1603 1600 per
1622 1531 1801 1586 omnis
1900 1540 1905 1545 “

330 1617 592 1672 Oondunt
617 1634 676 1672 se
700 1617 896 1672 Teucri
921 1624 1124 1687 portas,
1153 1624 1210 1673 et
1232 1620 1455 1673 moenia
1478 1618 1775 1689 complent.

329 1698 582 1776 Namque
605 1704 685 1759 ita,
707 1704 994 1759 discedens
1019 1712 1376 1775 praeceperat
1400 1707 1641 1776 optimus
1664 1707 1871 1761 armis·

329 1794 581 1847 Aeneas:
621 1793 668 1847 si
693 1808 802 1862 qua
822 1794 1039 1849 interea
1060 1794 1290 1850 fortuna.
1311 1796 1524 1873 fuisset,

329 1878 452 1934 Neu
477 1884 691 1935 struere
715 1881 984 1935 auderent
1008 1881 1197 1951 aciem,
1221 1898 1332 1937 neu
1355 1882 1583 1938 credere
1606 1900 1832 1957 camp03

329 1967 527 2022 Castra
547 1966 715 2021 modo
741 1972 798 2021 et
821 1971 974 2022 tutos
998 1975 1284 2023 servarent
1309 1986 1508 2039 aggere
1530 1987 1735 2026 muros.

307 2038 493 2127 Rgo,
521 2058 624 2113 etsi
651 2058 904 2114 conterre
929 2076 1156 2115 manum
1181 2060 1399 2129 pudor·
1384 2076 1573 2129 iraque
1600 2064 1885 2126 monstrat,

328 2146 592 2203 Obiciunt
615 2154 806 2218 portas
828 2154 1018 2206 tamen
1042 2154 1100 2205 et
1123 2154 1420 2219 praecepta
1440 2148 1736 2217 facessunt,

327 2232 654 2305 Armatique
678 2238 826 2291 cavis
849 2242 1174 2305 exspectant
1197 2236 1445 2291 turribus
1466 2236 1704 2290 hostem.

327 2319 558 2390 Turnus,
588 2328 650 2377 ut
672 2330 802 2379 ante
825 2324 1020 2379 volana
1041 2323 1258 2379 tardum
1285 2330 1661 2393 praecesserat
1684 2340 1897 2394 agmen,

329 2404 548 2477 Viginti
571 2408 730 2465 lectis
753 2412 1002 2481 equitum
1034 2412 1346 2481 comitatus,
1376 2417 1432 2467 et
1456 2412 1581 2467 urbi

326 2492 664 2565 Improvisus
686 2496 840 2553 adest
860 2494 880 2565 ξ
907 2498 1148 2575 ‘maculis
1172 2515 1334 2569 quem
1360 2496 1621 2575 Thracius
1646 2498 1784 2555 albis

327 2578 524 2636 Portet
547 2598 732 2653 equus,
761 2584 1036 2655 cristaque
1059 2586 1200 2655 tegit
1224 2583 1382 2655 galea
1405 2602 1572 2641 aurea,
1595 2576 1777 2640 rubra·

331 2666 584 2739 “Ecquis
609 2671 730 2739 erit,
761 2686 993 2739 mecum,
1021 2671 1266 2741 iuvenes,
1297 2673 1389 2742 qui
1414 2670 1625 2743 primus
1646 2670 1708 2726 in
1730 2670 2055 2727 hostem—0

325 2752 414 2809 En
430 2755 464 2783 ”
491 2756 583 2821 ait,
612 2762 669 2811 et
693 2756 936 2812 iaculum
961 2762 1284 2827 attorquens
1308 2759 1515 2813 emittit
1538 2760 1596 2812 in
1624 2776 1799 2829 auras,

326 2839 664 2913 Principium
689 2858 924 2915 pugnae,
951 2848 1010 2898 et
1028 2860 1222 2914 campo
1247 2860 1366 2899 sese
1392 2844 1593 2900 arduus
1616 2844 1801 2899 infert.

327 2926 582 2983 Clamore
606 2930 888 3001 excipiunt
913 2930 1063 2999 socii,
1090 2930 1428 3001 fremituque
1451 2936 1757 3001 sequuntur

327 3012 666 3085 Horrison03
708 3016 978 3073 Teucrum
1004 3009 1279 3073 inirantur
1299 3019 1503 3072 inertia
1525 3018 1721 3087 eorda3

325 3098 458 3157 Non
482 3118 660 3173 nequo
683 3102 816 3159 dare
841 3120 900 3159 se
923 3120 1134 3174 campo,
1160 3119 1274 3159 non
1300 3104 1467 3160 obvia
1487 3106 1639 3160 ferre

325 3186 506 3245 Arme
528 3190 696 3259 viros,
723 3190 1028 3247 sedeastra
1048 3192 1252 3247 fovere.
1325 3192 1452 3247 Huc
1474 3190 1729 3247 turbidus
1752 3197 1916 3261 atque
1941 3190 2051 3245 huc

324 3272 553 3330 Lustrat
575 3292 718 3345 equo
741 3292 942 3347 muros,
967 3278 1290 3348 editumque
1311 3294 1413 3348 per
1436 3273 1563 3333 Ma.
1584 3279 1815 3348 quaerit.

327 3359 414 3415 Ao
436 3361 614 3415 veluti
635 3360 800 3431 pleno
823 3363 985 3433 lupus
1006 3352 1296 3418 insidiatus
1319 3365 1452 3419 ovili

325 3446 468 3503 Oum
493 3446 684 3502 sternit
709 3446 778 3503 ad
803 3448 999 3532 caules,
1027 3456 1226 3504 ventos
1249 3452 1540 3531 perpessus
1564 3456 1621 3505 et
1652 3450 1861 3513 imbris,

328 3528 506 3589 Nocte
531 3548 698 3602 super
721 3506 1076 3591 media-»tuti
1103 3536 1206 3590 sub
1233 3536 1498 3592 matribus
1524 3537 1651 3605 agui

2294 842 2368 893 30

2294 1272 2367 1323 35

2288 2148 2361 2201 45

2290 2585 2361 2636 50

2292 3019 2361 3071 55

2298 3446 2369 3496 60
