2725 3892
999 205 1276 256 VERGILI
1319 205 1649 256 AENEIDOS
1700 205 1808 255 vn.

387 346 713 444 0111,(p0stis
737 365 884 420 enim
910 366 1093 420 tacitis
1118 367 1256 420 latet
1275 381 1473 434 aspera
1496 343 1693 436 silvis)
2318 369 2423 422 505

385 451 678 521 Improvisi
704 453 918 520 adsunt,
948 453 1040 506 hio
1061 459 1214 507 torre
1241 458 1486 507 armatus
1510 453 1726 520 obust0‚

385 539 602 608 Stipitis
627 539 717 598 hic
742 539 954 608 gravidi
979 539 1170 607 nodis3
1213 539 1362 609 quod
1386 539 1585 608 cuique
1610 544 1889 608 repertum

383 625 648 692 RImanti,
677 625 850 680 telum
877 626 962 680 ira
983 627 1136 680 facit.
1212 615 1397 682 Vocat
1424 627 1643 694 agmina
1668 625 1963 695 Tyrrh'eus,

385 712 760 778 Quadrifidam
787 729 1048 782 quercum
1074 713 1264 767 cuneis
1289 717 1350 765 ut
1376 713 1525 766 forte
1552 713 1761 768 coactis
1795 739 1801 746 ·

383 799 694 868 Scindebat,
723 805 882 868 rapta
905 800 1122 868 spirans
1146 799 1389 853 immane
1414 800 1609 854 securi.
2320 803 2425 854 510

381 887 462 940 At
487 903 650 941 saeva
673 903 704 940 e
729 885 964 956 speculis
990 891 1208 954 tempus
1235 886 1340 940 dea
1363 887 1535 940 nacta'
1551 885 1785 941 nocendi

382 973 578 1028 Ardua
601 979 749 1028 tecta
771 974 914 1042 petit
937 959 1155 1040 stabuli,
1185 978 1243 1026 et
1267 972 1336 1026 de
1361 971 1601 1026 culmine
1626 989 1842 1028 summo

380 1059 665 1115 Pastorale
689 1061 840 1114 canit
863 1061 1096 1140 signum,
1127 1075 1411 1146 cornuque
1437 1075 1669 1114 recurvo

381 1145 698 1200 Tartaream
724 1127 964 1201 intendit
988 1161 1198 1214 vocem,
1231 1163 1339 1216 qua
1363 1139 1619 1215 protinus
1647 1161 1809 1200 omne

381 1233 732 1288 Contremuit
755 1249 950 1287 nemus
974 1239 1030 1287 et
1055 1233 1266 1288 silvae'
1251 1249 1551 1287 insonuere
1580 1233 1919 1301 profundam
2042 1267 2081 1319 ,ι
2211 1265 2255 1311 :J
2316 1236 2422 1288 515

382 1319 580 1374 Audiit
605 1324 663 1374 et
687 1319 906 1374 Triviae
929 1319 1093 1388 longe
1116 1321 1303 1387 lacus3
1345 1319 1522 1374 audiit
1547 1321 1723 1374 amnis
2046 1324 2065 1342 ⁹
2170 1309 2195 1332 “’

379 1373 768 1475 Sulphurss'ffl
769 1423 830 1460 ar
855 1407 1008 1460 albus
1033 1423 1176 1476 aqua
1199 1407 1491 1476 fontesque
1518 1405 1726 1473 Velini,
1808 1349 2013 1448 MW

379 1492 454 1546 Et
475 1493 726 1562 trepidae
748 1498 954 1548 matres
976 1510 1224 1563 pressere
1251 1493 1322 1548 ad
1350 1499 1582 1562 pectora
1608 1509 1679 1546 na

381 1580 518 1634 Tum
542 1596 676 1634 vero
701 1580 770 1634 ad
797 1592 988 1634 vocem
1013 1580 1232 1648 celeres,
1265 1592 1373 1650 qua
1398 1581 1563 1634 bucin
1624 1581 1841 1650 signum

379 1665 517 1720 Dira
537 1666 710 1735 dedit,
738 1667 908 1736 raptis
932 1672 1270 1722 concurrunt
1295 1665 1537 1736 undique
1564 1666 1689 1720 telis
2314 1669 2421 1720 520

378 1751 643 1806 Indomiti
671 1753 970 1823 agricolae3
1009 1771 1112 1808 neo
1135 1771 1252 1809 non
1277 1759 1334 1808 et
1358 1753 1523 1808 Troia
1550 1753 1725 1823 pubes

377 1839 623 1894 Ascanio
647 1840 912 1894 auxilium
937 1843 1132 1896 eastris
1157 1840 1398 1897 effundit
1422 1837 1640 1912 apertis.

379 1926 658 1981 Der-exere
683 1929 844 1982 acies.
919 1927 1090 1982 Non
1075 1945 1184 1983 iam
1211 1929 1512 1983 certamine
1542 1929 1757 1998 agresti,

380 2013 672 2083 Stipitibus
695 2014 848 2068 duris
872 2015 1052 2084 agitur
1078 2015 1373 2110 sudibusve
1398 2009 1688 2086 praeustis,

379 2100 487 2154 Sed
509 2103 661 2156 ferro
689 2102 916 2171 ancipiti
942 2073 1262 2168 decernunt,
1292 2107 1521 2176 atraque
1545 2103 1685 2158 late
2312 2107 2417 2158 525

379 2187 666 2243 Horrescit
689 2188 896 2242 strictis
919 2205 1074 2258 seges
1099 2191 1336 2258 ensibus,
1368 2207 1605 2261 aeraque
1632 2191 1846 2260 fulgent
1946 2195 1949 2200 ’

377 2272 505 2327 Sole
528 2273 792 2342 lacessita,
822 2279 878 2326 et
901 2273 1080 2328 lucem
1107 2275 1207 2328 sub
1231 2271 1423 2329 nubila
1446 2273 1692 2330 iactant:

377 2359 604 2412 Fluctus
627 2359 710 2412 uti
733 2359 916 2428 primo
941 2360 1126 2428 coepit
1151 2377 1274 2414 cum
1303 2349 1583 2416 albescere
1610 2367 1801 2430 ponto,

375 2444 650 2500 Paulatim
675 2461 792 2498 sese
815 2445 965 2498 tollit
987 2461 1142 2500 mare
1167 2451 1224 2500 et
1249 2446 1411 2500 altius
1437 2447 1613 2501 undas

375 2530 570 2600 Erigit,
597 2531 728 2586 inde
751 2532 866 2584 imo
891 2531 1174 2600 consurgit
1197 2532 1266 2585 ad
1293 2533 1519 2587 aethera
1540 2534 1729 2587 fund0.
2308 2535 2416 2588 580

376 2617 482 2671 Hic
505 2618 719 2672 iuvenis
742 2619 980 2686 primam
1004 2623 1133 2672 ante
1159 2618 1333 2672 aciem
1361 2619 1633 2672 stridente
1660 2621 1871 2688 sagitta,

375 2705 650 2760 Natorum
675 2703 906 2772 Tyrrhei
931 2705 1118 2758 fuerat
1143 2705 1234 2774 qui
1260 2705 1548 2773 maximus,
1580 2707 1761 2774 Almo,

375 2791 681 2846 Sternitur:
724 2791 905 2845 haesit
929 2791 1079 2846 enim
1103 2793 1205 2847 sub
1231 2797 1457 2861 gutture
1481 2794 1682 2848 volnus
1706 2799 1763 2848 et
1786 2792 1929 2847 udae

375 2877 548 2932 Vocis
568 2879 678 2932 iter
701 2882 1034 2947 tenuemque
1056 2879 1282 2934 inclusit
1307 2881 1575 2948 sanguine
1600 2883 1787 2936 vitam.

373 2965 622 3033 Corpora
646 2965 824 3028 multa
839 2966 1020 3020 virum
1045 2967 1206 3036 cirea,
1233 2967 1525 3035 seniorque
1550 2967 1831 3036 Galaesus,
2308 2971 2412 3022 535

373 3051 524 3106 Dum
548 3052 671 3120 paci
694 3052 938 3108 medium
961 3070 1021 3108 se
1045 3053 1224 3122 offert,
1253 3053 1585 3108 iustissimus
1612 3071 1754 3109 unus

376 3139 484 3204 Qui
508 3138 615 3192 fuit
638 3139 794 3194 Auso
857 3157 1012 3210 isque
1036 3141 1169 3194 olim
1195 3140 1499 3194 ditissimus
1524 3143 1671 3200 arvis
1691 3161 1703 3195 ε

376 3226 631 3296 Quinque
653 3155 954 3297 &ieggmi
979 3227 1282 3296 balantum,
1311 3228 1479 3297 quina
1503 3229 1761 3284 redibant

375 3312 662 3377 Armenta,
689 3319 748 3368 et
773 3318 978 3368 terram
1003 3321 1228 3370 centum
1252 3315 1509 3369 vertebat
1534 3317 1748 3370 aratris.

447 3401 632 3470 Atque
657 3417 721 3455 ea
745 3417 848 3469 per
871 3418 1096 3472 campos
1121 3417 1296 3472 aequo
1320 3402 1453 3457 dum
1481 3402 1662 3461 Marte
1688 3409 1972 3471 geruntur,
2308 3406 2411 3458 5-10

375 3484 650 3540 Promissi'
665 3487 766 3542 dea
791 3487 942 3543 facta
963 3494 1178 3560 potens,
1207 3489 1300 3544 ubi
1325 3491 1595 3560 sanguine
1620 3489 1825 3546 bellum
