2725 3892
965 197 1239 248 melu
1283 185 1615 248 mnmos
1656 195 1749 247 VI.

344 361 576 419 Lenibat
599 361 762 416 dictis
785 361 1048 430 animum,
1073 360 1435 428 lacrimasque
1459 359 1659 414 ciebat.

341 448 448 504 Illa
469 448 588 503 solo
614 448 753 502 fixos
776 447 966 502 oculos
989 461 1184 500 aversa
1207 445 1448 515 tenebat,

343 534 464 590 Nec
487 536 663 603 magis
687 535 912 603 incepto
937 533 1150 587 voltum
1175 547 1429 586 sermone
1451 537 1721 600 movetur,

344 621 522 686 Quam
549 621 594 675 si
619 621 757 676 dura
780 620 916 675 silex
941 625 1040 674 aut
1063 625 1175 674 stet
1198 619 1477 688 Marpesia
1502 625 1706 674 cautes.

341 709 584 762 Tandem
613 707 882 777 corripuit
905 723 1040 776 sese,
1069 711 1236 776 atque
1261 706 1489 760 inimica
1512 706 1721 786 refugit

343 794 410 849 In
434 811 627 848 nemus
649 793 1031 860 umbriferum,
1061 792 1302 847 coniunx
1327 793 1423 846 ubi
1445 792 1711 862 pristinus
1732 791 1813 845 iui

343 880 664 950 Respondet
689 880 838 935 curis
863 883 1170 948 aequatque
1193 877 1475 946 Sychaeus
1498 893 1757 933 amorem.

343 967 463 1022 Nec
487 968 669 1021 minus
691 971 926 1034 Aeneas,
957 981 1086 1019 casu
1111 981 1410 1020 concussus
1432 966 1636 1034 iniquo,

343 1055 701 1123 Prosequitur
725 1053 1014 1107 lacrimans
1039 1051 1220 1122 longe,
1251 1057 1310 1106 et
1331 1053 1627 1106 miseratur
1650 1055 1892 1107 euntem.

413 1140 552 1194 Inde
578 1140 768 1194 datum
791 1139 1020 1193 molitur
1045 1139 1167 1192 iter.
1241 1137 1467 1207 Iamque
1492 1153 1626 1192 arva
1650 1139 1913 1194 tenebant

343 1227 568 1294 Ultima,
595 1243 736 1296 quae
759 1224 906 1280 bello
929 1224 1063 1278 clari
1087 1229 1302 1278 secreta
1321 1225 1699 1293 frequentant.

343 1314 450 1368 Hic
473 1313 554 1367 illi
577 1314 818 1368 occurrit
841 1311 1076 1380 Tydeus,
1103 1311 1196 1365 hic
1215 1311 1461 1365 inclutus
1482 1313 1653 1366 armis

343 1399 796 1468 Parthenopaeus
820 1404 878 1452 et
903 1397 1132 1452 Adrasti
1157 1397 1417 1466 pallentis
1440 1399 1651 1467 imag-03

345 1485 452 1540 Hic
475 1485 712 1538 multum
737 1484 854 1538 fleti
879 1483 950 1538 ad
975 1499 1204 1553 superos
1229 1483 1483 1552 belloque
1506 1484 1695 1539 caduci

344 1572 711 1640 Dardanidae,
741 1587 879 1641 quos
903 1571 998 1626 ille
1021 1573 1202 1626 omnis
1225 1571 1393 1640 longo
1420 1571 1615 1626 ordine
1636 1585 1871 1624 cernens

347 1658 635 1727 Ingemuit,
665 1658 1043 1727 Glaucumque
1067 1657 1442 1726 Medontaque
1468 1657 2013 1727 Thersilochumque,

347 1745 466 1800 Tris
493 1744 879 1811 Antenoridae,
913 1745 1212 1814 Cererique
1235 1733 1880 1814 sacrum'Polyphoeten,

346 1833 696 1902 Idaeumque,
724 1833 890 1888 etiam
917 1848 1124 1902 currus,
1153 1832 1324 1886 etiam
1347 1847 1501 1886 arma
1520 1837 1825 1887 tenentem.

347 1929 716 1986 Circumstant
740 1933 956 1986 animae
981 1929 1178 1985 dextra
1201 1929 1467 1998 laevaque
1490 1928 1825 1998 frequentes.

349 2015 466 2072 Nec
491 2018 693 2073 vidisse
715 2019 884 2074 semel
909 2019 1041 2073 satis
1065 2023 1179 2086 est3
1218 2018 1373 2072 iuvat
1396 2032 1569 2086 usque
1594 2014 1815 2082 morari,

345 2103 420 2156 Et
443 2105 690 2160 conferre
714 2106 961 2174 gradum,
991 2109 1050 2160 et
1073 2103 1334 2160 veniendi
1357 2103 1569 2158 discere
1594 2113 1801 2157 causas.
1908 2097 1913 2102 ’

293 2173 420 2246 VEt
443 2191 692 2246 Danaum
718 2207 976 2261 proceres
998 2192 1581 2260 Agamemnoniaeque
1606 2187 1905 2257 phalanges

347 2275 425 2330 Ut
447 2278 637 2332 videre
661 2279 837 2332 virum
863 2277 1242 2347 fulgentiaque
1267 2293 1422 2332 arma
1442 2293 1543 2345 per
1566 2274 1803 2340 umbras,

345 2361 565 2430 Ingenti
589 2364 867 2434 trepidare
889 2369 1074 2430 metn3
1113 2379 1241 2432 pars
1264 2369 1484 2417 vertere
1510 2367 1679 2429 terga,

347 2448 464 2504 Oeu
489 2453 766 2521 quondam
791 2453 1002 2522 petiere
1019 2457 1198 2516 rates3
1237 2465 1366 2518 pars
1390 2449 1585 2504 tollere
1610 2461 1803 2500 vocem

345 2537 642 2606 Exiguam:
681 2541 936 2609 inceptus
959 2538 1165 2592 clamor
1188 2538 1485 2590 frustratur
1509 2533 1728 2588 hiantis.

416 2626 604 2695 Atque
629 2625 722 2680 hic
745 2623 1062 2680 Priamiden
1089 2623 1354 2677 laniatum
1380 2623 1759 2692 corporetoto

347 2712 699 2782 Deiphobum
725 2711 878 2766 videt
901 2716 959 2766 et
980 2711 1218 2766 lacerum
1247 2707 1544 2765 crudeliter
1568 2723 1680 2774 ora,

347 2798 462 2854 Ora
485 2813 784 2868 manusque
810 2798 1015 2864 ambas,
1043 2795 1415 2866 populataque
1438 2799 1693 2863 tempora
1714 2789 1887 2860 raptis

345 2885 606 2952 Auribus,
636 2891 693 2938 et
716 2889 942 2938 truncas
967 2883 1263 2937 inhonesto
1289 2881 1515 2940 volnere
1540 2879 1707 2954 naris,

346 2971 461 3024 Vix
485 2970 623 3026 adeo
648 2970 878 3040 agnovit
899 2969 1242 3038 pavitantem
1267 2971 1324 3020 et
1347 2964 1471 3020 dira
1494 2971 1771 3034 tegentem

345 3056 639 3126 Supplicia,
668 3061 727 3111 et
749 3057 902 3110 notis
923 3053 1220 3134 compellat
1246 3053 1473 3107 vocibus
1494 3052 1649 3107 ultro
1668 3043 1706 3106 ε’

349 3145 382 3172 “
399 3142 692 3212 Deiphobe
716 3143 1071 3211 armipotens,
1101 3155 1276 3208 genus
1297 3139 1413 3193 alto
1438 3155 1473 3192 a
1496 3139 1761 3208 sanguine
1786 3135 1997 3204 Teucrl,

347 3227 483 3292 Quis
507 3232 622 3282 tam
647 3226 884 3282 crudelis
907 3227 1126 3296 optavit
1149 3241 1366 3279 sumere
1392 3224 1635 3293 poenas?

347 3314 690 3369 Oui·tantum
715 3314 786 3370 de
809 3319 866 3369 te
887 3314 1078 3370 licuit?
1151 3311 1290 3367 Mihi
1313 3313 1471 3368 sama
1492 3325 1747 3381 suprema

345 3401 528 3458 Nocte
550 3403 682 3458 tulit
703 3403 906 3458 fessum
930 3407 1170 3462 vastate
1191 3401 1362 3459 caede
1384 3393 1679 3474 l’elasgum

345 3487 712 3544 Procubuisse
735 3506 900 3558 super
923 3491 1182 3546 confusae
1207 3491 1406 3560 stragis
1430 3503 1709 3544 acervum.

2271 533 2377 590 470

2270 967 2377 1022 475

2274 2271 2381 2324 490

2274 2703 2379 2758 495

2272 3138 2380 3190 500
