2725 3892
1046 217 1322 269 VERGILI
1368 217 1627 269 ECLOGA
1668 218 1733 269 V.

371 377 520 433 Mor.
559 378 638 433 Tu
666 378 874 446 maior-3
915 378 1017 432 tibi
1041 395 1133 433 me
1157 385 1241 433 est
1265 395 1499 448 aequum
1524 396 1735 449 parere,
1761 380 2029 450 Menalca,

371 464 498 519 Sive
523 466 624 520 sub
649 464 888 519 incertas
911 465 1178 534 Zephyris
1201 467 1545 521 motantibus
1568 467 1806 535 umbras,

371 550 500 605 Sive
523 558 686 607 antro
709 552 896 621 potius
919 552 1278 607 succedimus,
1352 553 1573 623 Aspice,
1602 558 1665 607 ut
1690 558 1911 608 antrum

371 615 650 693 Silvestrlss
671 624 816 692 raris
835 638 1036 708 sparsit
1057 638 1311 693 labrusca
1333 640 1581 694 racemis.
1961 668 1977 679 ν

369 722 520 779 Mun.
561 724 844 779 Montibus
869 725 926 778 in
953 726 1158 781 nostris
1181 726 1331 781 solus
1353 725 1459 781 tibi
1484 732 1661 781 certat
1684 729 1977 795 Amyntas.
2050 764 2055 769 -

371 812 516 867 Mor.
555 812 718 881 Quid,
747 812 792 866 si
817 812 964 866 idem
988 818 1166 867 certet
1190 812 1483 867 Phoebum
1510 830 1771 883 superare
1794 814 2087 871 canendo?

371 898 522 953 Mun.
563 898 767 969 Incipe,
797 898 1005 968 Mopse,
1033 900 1202 969 prior,
1231 900 1276 954 si
1302 916 1441 971 quos
1466 906 1561 955 aut
1584 900 1855 967 Phyllidis
1877 902 2035 971 ignis,

371 975 490 1039 Aut
512 986 744 1040 Alconis
767 986 937 1040 habes
959 984 1164 1053 laudes,
1191 992 1288 1040 aut
1309 986 1489 1055 iurgia
1512 980 1700 1041 Codri.

371 1072 589 1142 Incipe3
629 1072 903 1141 pascentis
927 1072 1168 1127 servabit
1193 1071 1417 1140 Tityrus
1440 1072 1661 1128 haedos.

371 1158 518 1214 Mor.
557 1157 736 1215 Immo
761 1160 910 1227 haec,
937 1160 996 1213 in
1020 1158 1182 1213 viridi
1207 1175 1384 1229 nuper
1409 1176 1547 1229 quae
1570 1161 1779 1215 cortice
1801 1161 1915 1233 tagi

372 1246 633 1302 Carmina
656 1246 920 1315 descripsi
945 1251 1005 1301 et
1027 1246 1315 1301 modulans
1339 1247 1554 1302 alterna
1575 1248 1785 1315 notavi,

369 1334 670 1403 Experiar3
710 1339 776 1387 tu
797 1332 1000 1389 deinde
1022 1333 1210 1387 iubeto
1235 1342 1298 1387 ut
1322 1338 1499 1388 certet
1523 1320 1815 1402 Amyntas.

371 1419 522 1475 Mn«.
559 1419 740 1474 Lenta
761 1419 898 1473 salix
925 1424 1190 1489 quantum
1219 1419 1445 1488 pallenti
1472 1418 1619 1475 cedit
1642 1420 1837 1489 olivas,

371 1506 628 1561 Puniceis
651 1484 878 1560 humilis
902 1512 1166 1575 quantum
1193 1505 1439 1561 saliunca
1461 1507 1673 1576 rosetis,

370 1593 584 1649 Iudicio
605 1598 800 1647 nostro
825 1598 1042 1647 tautum
1067 1592 1170 1646 tibi
1197 1592 1344 1647 cedit
1370 1592 1665 1661 Amyntas.

372 1680 519 1736 Mor.
558 1680 668 1734 Sed
691 1686 758 1735 tu
781 1680 968 1735 desine
993 1680 1166 1749 plura,
1194 1697 1364 1751 puer:
1408 1682 1767 1737 successimus
1791 1686 1973 1736 antro.

439 1766 790 1851 ExstinctuQ
819 1766 1114 1837 Nymphae
1137 1767 1356 1848 crudgb'
1370 1767 1565 1822 funere
1592 1767 1875 1837 Daphnim

370 1854 774 1929 Flebant—vos
797 1872 930 1924 coi-y
953 1860 1168 1929 uestes
1191 1861 1250 1911 et
1271 1854 1502 1910 flumina
1524 1840 1873 1925 Nymphis-'-

372 1940 514 1997 Cum
529 1942 826 2013 complexa
849 1943 932 1997 sui
955 1958 1160 2011 corpus
1179 1941 1494 1997 miserabile
1516 1941 1636 1997 nati

373 2028 560 2099 Atque
581 2028 716 2083 deos
739 2035 904 2100 atque
929 2034 1078 2083 astra
1101 2034 1265 2084 vocat
1290 2028 1537 2083 crudelia
1558 2034 1751 2083 mater.

371 2112 500 2169 Non
525 2116 626 2185 ulli
649 2122 838 2185 pastos
859 2116 968 2171 illis
989 2132 1152 2185 egere
1175 2114 1373 2170 diebus

369 2198 610 2271 Frigida,
637 2178 873 2273 Daphni,
900 2203 1070 2293 boyes
1093 2200 1162 2257 ad
1188 2201 1449 2269 flumina3
1488 2200 1643 2257 nulla
1666 2216 1769 2255 nec
1792 2213 2011 2255 amnem

369 2288 592 2344 Libavit
615 2288 940 2359 quadrupes,
969 2289 1071 2343 n'ec
1094 2289 1360 2358 graminis
1383 2288 1573 2358 attigit
1596 2288 1841 2343 herbam.

370 2374 608 2445 Daphni,
639 2382 794 2429 tuum
819 2375 1040 2431 Poenos
1063 2376 1230 2431 etiam
1253 2375 1587 2444 ingemuisse
1608 2374 1797 2429 leones

371 2462 680 2527 lutei-itum,
707 2469 1032 2533 montesque
1053 2462 1164 2533 feri
1187 2462 1463 2537 silvaeque
1487 2463 1802 2533 loquuntur.

373 2548 620 2620 Daphnis
643 2555 702 2604 et
725 2534 1021 2629 Armenias
1045 2566 1209 2605 curru
1235 2540 1565 2619 subiungere
1588 2550 1747 2619 tigris
1774 2596 1792 2611 ,

371 2636 634 2701 Instituit,
663 2634 916 2707 Daphnis
938 2636 1150 2699 thiasos
1174 2636 1435 2692 inducere
1456 2636 1663 2691 Bacchi

369 2722 444 2777 Et
466 2723 616 2778 soliis
639 2724 818 2778 lentas
839 2724 1088 2779 intexere
1109 2722 1369 2798 mollibus
1392 2723 1594 2779 hastas.

371 2808 518 2864 Vitis
540 2815 606 2864 ut
629 2798 926 2865 arboribus
944 2809 1128 2865 decori
1153 2814 1256 2879 est,
1283 2816 1345 2864 ut
1370 2810 1573 2864 vitibus
1596 2824 1753 2877 uvae,

371 2894 448 2950 Ut
471 2894 736 2965 gregibus
757 2896 918 2963 tauri,
947 2900 1160 2965 segetes
1185 2902 1246 2951 ut
1269 2886 1566 2965 pinguibui
1588 2896 1751 2963 arvis,

369 2980 454 3036 Tu
477 2982 644 3037 decus
667 2998 832 3036 omne
857 2982 986 3036 tuis.
1049 2980 1358 3058 ‘Postquam
1384 2989 1444 3036 te
1467 2982 1589 3037 tata
1610 2981 1871 3049 tulerunt,

369 3068 682 3139 Ipsaj’ales
707 3086 870 3137 agros
891 3074 1058 3139 atque
1081 3070 1200 3138 ipse
1223 3068 1447 3137 reliquit
1473 3068 1691 3138 Apollo.

367 3156 614 3229 Grandia
637 3172 802 3225 saepe
825 3158 1024 3227 quibus
1049 3155 1431 3211 mandavimus
1452 3154 1659 3209 hordea
1682 3154 1862 3220 sulcis,

367 3242 566 3297 Infelix
591 3244 787 3298 lolium
813 3249 871 3297 et
895 3242 1110 3297 steriles
1133 3246 1433 3297 nascuntur
1457 3258 1698 3307 avenae;

365 3328 482 3384 Pro
501 3328 656 3385 molli
681 3329 844 3395 viola,
873 3344 978 3397 pro
1002 3344 1278 3397 purpureo
1301 3328 1559 3396 narcisse,

367 3414 622 3471 Oai-dnus
645 3422 706 3469 et
728 3413 904 3483 spinis
927 3414 1103 3481 surgit
1127 3414 1371 3481 paliurus
1394 3415 1587 3468 acutis.

367 3500 621 3572 Spargite
643 3502 878 3555 humum
905 3498 1070 3567 foliis,
1096 3498 1344 3555 inducite
1370 3500 1614 3553 fontibus
1638 3496 1876 3563 umbras,

2341 906 2407 957 10

2340 1339 2407 1392 16

2334 1770 2407 1823 20

2336 2634 2409 2689 80
