2725 3892
972 177 1247 228 VERGILI
1293 177 1673 226 GEORGICON
1721 177 1762 228 1.

348 337 695 408 Exercetque
717 337 979 406 frequens
1004 336 1274 405 tellurem,
1306 347 1472 406 atque
1497 337 1734 406 imperat
1757 338 1920 392 arvia.

420 423 623 478 Umida
646 423 881 478 solstitia
905 427 1069 492 atque
1092 422 1302 476 hiemes
1326 429 1482 478 orate
1505 439 1743 492 serenas,

348 509 671 579 Agricolae3
710 509 947 563 hiberno
970 508 1271 564 laetissima
1294 509 1524 578 pulvere
1547 509 1716 578 farra,

346 593 549 652 Laetus
573 611 731 666 ager:
772 595 928 650 nullo
954 600 1167 650 tantum
1194 612 1253 650 se
1278 595 1460 664 Mysia
1483 595 1634 652 cultu

347 681 525 738 Iactat
550 688 607 737 et
632 683 752 753 ipsa
776 699 901 738 suae
924 683 1196 737 mirantur
1222 682 1472 751 Gargara
1493 683 1704 736 messis.

347 769 495 836 Quid
517 769 711 840 dicam,
738 769 886 824 iacto
910 770 1001 839 qui
1026 769 1233 824 semine
1258 771 1570 824 comminus
1591 785 1729 824 arva
1796 807 1810 818 .

346 855 659 926 Insequitur
684 855 1041 926 cumulosque
1064 857 1177 911 ruit
1202 856 1344 911 male
1371 857 1592 926 pinguis
1613 855 1889 912 harenae?

346 942 559 998 Deinde
584 943 718 998 eatis
741 942 969 997 fiuvium
994 943 1207 998 inducit
1230 944 1490 1014 rivosque
1513 944 1806 1012 sequentis,

346 1029 436 1099 Et,
465 1046 589 1084 cum
614 1034 841 1084 exustus
864 1046 994 1099 ager
1018 1030 1384 1084 morientibus
1407 1035 1620 1086 aestuat
1645 1029 1846 1098 herbis,

346 1115 488 1171 Ecce
514 1115 807 1186 supercilio
830 1116 1025 1170 clivosi
1048 1117 1289 1170 tramitis
1311 1115 1518 1171 undam

344 1201 546 1258 Elicit?
582 1203 677 1258 illa
698 1201 902 1257 cadens
924 1219 1151 1256 raucum
1178 1218 1277 1270 per
1300 1201 1445 1258 levia
1469 1219 1717 1258 murmur

346 1288 491 1344 Saxa
514 1289 639 1359 ciet,
666 1288 1037 1358 scatebrisque
1064 1289 1279 1343 arentia
1303 1294 1577 1358 temperat
1601 1307 1750 1346 arva.

346 1374 509 1444 Quid,
538 1377 663 1459 qui,
676 1391 749 1430 ne
773 1375 1015 1445 gravidis
1037 1375 1368 1460 procumbat
1387 1375 1600 1430 culmus
1623 1377 1822 1445 arietis,

344 1461 643 1517 Luxuriem
666 1468 912 1532 segetum
939 1466 1149 1516 tenera
1156 1437 1443 1531 depascit
1431 1479 1487 1517 in
1512 1463 1701 1533 herba,

347 1548 489 1603 Cum
514 1549 752 1619 primum
780 1549 959 1603 sulcos
984 1555 1223 1617 aequant
1248 1549 1406 1603 sata?
1444 1549 1646 1619 quique
1669 1549 1888 1620 paludis

346 1635 653 1691 collectum
681 1651 927 1691 umorem
956 1635 1144 1690 bibula
1168 1635 1392 1690 deducit
1415 1635 1640 1705 harena,

344 1721 676 1776 Praesertim
700 1721 927 1776 incertia
952 1723 999 1776 si
1026 1724 1303 1778 mensibus
1328 1725 1508 1778 amnis
1533 1723 1821 1779 abundans

344 1809 477 1863 Exit
518 1815 574 1864 et
600 1809 841 1864 obducto
864 1808 976 1864 late
1000 1814 1156 1866 tenet
1180 1811 1369 1866 omnia
1389 1810 1538 1880 limo,

346 1895 507 1950 Unde
532 1912 699 1952 cavae
722 1898 913 1968 tepido
938 1899 1140 1954 sudant
1161 1915 1357 1956 umore
1381 1900 1644 1957 lacunae?

415 1981 536 2038 Nec
559 1989 761 2054 tamen,
790 1985 925 2041 haec
950 2003 1075 2041 cum
1100 1987 1211 2042 sint
1234 1987 1631 2058 bominumque
1653 1988 1932 2057 boumque
1955 1985 2172 2042 labores

350 2067 637 2126 versando
662 2077 865 2128 terram
894 2074 1125 2143 experti,
1154 2073 1291 2129 nihil
1316 2075 1606 2145 improbus
1629 2091 1791 2131 anser

346 2153 803 2229 Strymoniaeque
826 2175 993 2229 grues
1015 2165 1073 2216 et
1096 2160 1301 2216 amaria
1324 2162 1504 2218 intiba
1525 2161 1680 2218 fibris

346 2241 611 2298 Officiunt
634 2250 731 2299 aut
753 2245 953 2300 umbra
976 2255 1155 2302 nocet.
1230 2246 1399 2302 Pater
1423 2249 1540 2318 ipse
1563 2247 1778 2304 colendi

344 2325 511 2382 Haud
534 2329 752 2384 facilem
780 2347 899 2386 esee
926 2331 1067 2386 viam
1095 2331 1285 2402 voluit,
1316 2334 1636 2403 primusque
1658 2349 1759 2403 per
1783 2337 1957 2388 artem

343 2413 523 2470 Movit
545 2431 721 2486 agros,
748 2417 897 2472 curis
920 2433 1121 2472 acuens
1146 2418 1407 2474 mortalia
1431 2419 1615 2488 eorda,

345 2499 467 2556 Nec
488 2507 712 2572 torpere
735 2503 891 2573 gravi
914 2519 1107 2574 pansus
1128 2520 1229 2558 sua
1252 2521 1426 2573 regna
1452 2511 1698 2560 veterno.

346 2589 497 2644 Ante
520 2586 709 2645 Iovem
734 2590 872 2646 nulli
896 2591 1223 2659 subigebmt
1245 2607 1379 2647 arva
1401 2591 1580 2648 coloni
1603 2611 1618 2658 3

346 2673 432 2730 Ne
456 2675 675 2746 signare
696 2675 915 2747 quidem
944 2685 1041 2732 aut
1063 2677 1259 2747 partiri
1281 2677 1458 2734 limite
1482 2695 1732 2748 campum

344 2761 451 2818 Fas
474 2771 622 2820 erat:
660 2764 721 2818 in
740 2765 985 2820 medium
1012 2765 1366 2836 quaerebant,
1395 2753 1624 2834 ipsaque
1649 2763 1812 2820 tellus

344 2850 549 2906 Omnia
568 2839 814 2921 liberius,
840 2851 995 2906 nullo
1021 2857 1303 2922 poscente,
1330 2851 1564 2906 ferebat.

344 2935 444 2992 nle
466 2937 675 2996 malum
700 2939 851 2993 virus
876 2939 1225 3008 serpentibus
1250 2935 1464 2994 addidit
1487 2937 1640 3007 atris,

344 3023 713 3096 Praedarique
735 3024 895 3094 lupos
918 3025 1093 3094 iussit,
1120 3031 1466 3095 pontumque
1489 3025 1718 3094 moveri,

343 3110 615 3182 Mellaque
638 3112 881 3168 decussit
904 3112 1071 3180 foliis,
1098 3112 1392 3182 ignemque
1417 3111 1671 3180 removit,

232 3202 243 3210 '
340 3195 419 3252 Et
441 3198 639 3268 panzim
666 3199 797 3253 rivis
822 3198 1103 3254 currentia
1128 3197 1255 3252 vina
1278 3199 1556 3268 repressit,

344 3281 421 3338 Ut
446 3285 625 3340 varias
648 3301 779 3338 usus
802 3285 1121 3341 meditando
1144 3285 1476 3340 extunderet
1497 3285 1634 3340 artie

342 3367 633 3440 Paulatim,
660 3377 719 3424 et
742 3370 907 3426 sulcia
928 3371 1199 3426 {rumenti
1222 3377 1511 3441 quaereret
1533 3371 1782 3442 herbam,

346 3451 424 3509 Ut
446 3455 611 3510 silicia
636 3457 788 3510 venit
812 3455 1125 3513 abati-usum
1150 3457 1450 3512 excuderet
1471 3457 1676 3526 ignem.

2285 427 2386 480 100

2285 859 2383 910 105

2285 1293 2384 1344 110

2282 1725 2380 1778 115

2281 2161 2381 2212 1ἳο

2188 2650 2207 2665 ,
2281 2593 2380 2646 ηε

2281 3027 2384 3084 180

2279 3457 2380 3512 186
