2725 3892
963 197 1240 248 VERGILI
1285 199 1617 250 Amnmos
1661 199 1751 250 VI.

339 359 446 414 Hic
469 359 706 414 crudelis
732 376 888 414 amor
912 361 1074 428 tauri,
1103 365 1475 429 suppostaque
1502 359 1655 414 furto

337 444 625 515 Pasiphae,
654 447 996 515 mixtumque
1021 463 1198 515 genus
1223 446 1515 515 prolesque
1538 446 1795 501 biformis

337 532 685 588 Minotaurus
709 534 870 600 inest,
897 533 1138 588 Veneris
1163 539 1524 586 monuments
1548 532 1855 600 nefandam

339 619 444 674 Hic
467 619 625 674 labor
649 619 742 673 ille
765 618 962 674 domus
985 624 1044 674 et
1067 619 1470 674 inextricabilis
1495 635 1679 686 error-3

337 705 600 774 Magnum
627 706 850 774 reginae
876 705 974 759 sed
997 706 1142 760 enim
1167 705 1462 760 miseratus
1488 721 1730 760 amorem

337 792 626 862 Daedalus,
655 793 774 861 ipse
797 792 955 847 dolos
979 793 1115 846 tecti
1139 793 1507 861 ambagesque
1530 791 1773 860 resolvit,

338 880 520 936 Caeca
543 895 738 949 regens
758 879 856 934 filo
881 879 1128 948 vestigia.
1202 877 1286 932 Tu
1313 895 1531 948 quoque
1556 893 1811 948 magnam

336 967 562 1020 Partem
587 981 754 1037 opere
779 965 838 1020 in
863 970 1038 1034 tante,
1067 966 1274 1020 sineret
1297 965 1473 1032 dolor,
1503 964 1669 1034 Icaro,
1700 965 1946 1020 haberes.

339 1053 436 1106 Bis
459 1059 689 1107 conatus
713 1059 834 1107 erut
857 1067 1016 1106 casus
1041 1051 1298 1121 effingere
1325 1053 1385 1104 in
1410 1067 1581 1120 aur03

337 1139 434 1194 Bis
457 1138 670 1209 patriae
695 1139 941 1193 cecidere
966 1155 1178 1194 munus.
1255 1139 1405 1204 Quin
1428 1139 1683 1208 protinus
1708 1139 1895 1194 omnis

274 1271 282 1277 .
337 1226 692 1295 Per-legerent
718 1226 906 1294 oculis,
936 1227 994 1279 ni
1019 1227 1128 1282 iam
1155 1226 1489 1296 praemissus
1514 1225 1760 1280 Achates

338 1313 582 1368 Adtoret
607 1318 772 1381 atque
797 1327 908 1366 unu
931 1310 1142 1366 Phoebi
1167 1312 1493 1381 Triviaeque
1518 1311 1789 1380 sacerdos,

336 1399 628 1468 Deiphobe
651 1399 864 1466 Glauci,
893 1398 1042 1452 futur
1067 1415 1206 1469 quse
1231 1399 1364 1454 teliu
1390 1399 1537 1468 regi:

341 1489 376 1516 “
394 1487 451 1540 Ν
451 1503 526 1540 on
548 1486 656 1540 hoo
681 1486 786 1540 ista
809 1485 914 1538 sibi
936 1489 1156 1555 tempus
1180 1485 1495 1554 spectacula
1516 1487 1723 1556 poscit;

339 1573 502 1628 Nunc
521 1589 688 1642 grege
713 1573 782 1627 de
807 1572 1020 1628 intacto
1046 1577 1256 1641 septem
1282 1579 1529 1628 mactare
1549 1573 1813 1628 iuvencos

339 1660 698 1728 Praestiterit,
727 1658 960 1714 totidem
981 1658 1158 1713 lectas
1181 1659 1252 1714 de
1273 1674 1431 1712 more
1460 1658 1752 1714 bidentis.”

337 1747 558 1802 Talibus
583 1747 773 1803 adfata
795 1750 1202 1804 Aenean—nec
1225 1765 1379 1804 secra
1402 1753 1691 1803 morantur

337 1835 492 1890 Iussa
515 1835 935 1892 viri—Teucros
961 1841 1126 1892 vocat
1149 1836 1264 1890 alta
1285 1836 1346 1888 in
1370 1835 1581 1904 templs
1604 1835 1874 1891 sacerdos.

405 1921 664 1977 Excisum
691 1921 970 1978 Euboicae
993 1923 1140 1979 latus
1161 1924 1356 1991 ingens
1378 1921 1532 1992 rupis
1554 1921 1613 1976 in
1638 1927 1876 1990 antrum,
1916 1985 1923 1990 ,

337 2009 461 2075 Quo
485 2008 584 2065 lati
609 2009 820 2064 ducunt
841 2010 1026 2065 aditus
1049 2015 1290 2078 centum,
1317 2009 1465 2064 ostis
1486 2015 1741 2076 centum3

337 2097 498 2152 Unde
515 2103 686 2151 ruunt
710 2097 941 2152 totidem
967 2113 1148 2166 voces,
1177 2113 1439 2168 responsa
1463 2096 1721 2165 Sibyllae.

340 2183 585 2242 Ventum
611 2193 731 2242 erat
754 2186 826 2241 sd
849 2187 1035 2255 limen,
1064 2203 1188 2242 cum
1215 2187 1375 2255 virgo
1402 2187 1437 2216 ‘⁴
1458 2186 1693 2242 Poscere
1718 2187 1839 2240 tata.

333 2271 573 2341 Tempus
593 2273 626 2301 ”
650 2274 760 2340 αἰὲς
805 2273 1006 2342 “deus‚
1035 2290 1178 2342 ecce,
1207 2274 1371 2329 deus!
1397 2273 1430 2302 ’‘
1504 2273 1607 2327 Oui
1632 2273 1767 2328 talia
1789 2272 1930 2326 fanti

336 2359 488 2412 Ante
513 2360 659 2414 fores
682 2360 866 2414 subito
891 2376 1006 2414 non
1029 2361 1229 2428 voltus,
1259 2377 1371 2415 non
1400 2360 1551 2414 color
1574 2377 1730 2426 unus,

334 2443 390 2499 N
392 2462 464 2499 on
491 2452 744 2514 comptae
767 2463 1018 2502 mansere
1043 2463 1265 2514 comae3
1311 2447 1409 2502 sed
1433 2452 1629 2515 pectus
1652 2446 1927 2515 anhelum,

333 2531 409 2586 Et
433 2533 586 2588 rabie
611 2534 728 2587 fera
751 2533 922 2588 corda
943 2539 1191 2602 tument3
1231 2534 1517 2603 maiorque
1540 2534 1732 2599 videri,

337 2617 454 2673 Nec
477 2619 712 2674 mortale
737 2637 954 2690 sonans,
984 2621 1188 2676 adflata
1209 2627 1298 2677 est
1319 2623 1546 2676 numine
1570 2621 1793 2692 quando

335 2704 452 2760 Iam
478 2706 733 2776 propiore
755 2706 862 2761 dei.
941 2709 976 2738 “
993 2709 1188 2764 Cessas
1211 2711 1270 2764 in
1295 2715 1428 2764 vota
1450 2725 1761 2779 precesque,

335 2791 472 2848 Tros
490 2793 523 2820 ’'
549 2795 629 2849 ait
659 2794 938 2850 “Aenesi
977 2799 1188 2852 cessas?
1223 2813 1405 2868 neque
1428 2799 1573 2852 enim
1600 2803 1731 2853 ante
1752 2793 2039 2850 dehiscent

335 2880 628 2936 Attonitae
651 2898 853 2951 magns
876 2900 974 2939 ore
1000 2883 1250 2938 domus.”
1323 2885 1397 2938 Et
1420 2885 1553 2939 talia
1576 2885 1693 2938 fata

335 2966 633 3022 Conticuit.
711 2969 942 3024 Gelidus
966 2969 1190 3024 Teucris
1215 2985 1313 3039 per
1337 2971 1476 3024 dura
1500 2969 1743 3024 cucurrit

336 3053 475 3108 Ossa
497 3061 722 3123 tremor,
750 3055 1042 3125 funditque
1064 3073 1258 3125 preces
1281 3073 1379 3112 rex
1402 3061 1627 3124 pectore
1652 3054 1721 3108 ab
1744 3055 1895 3108 imo:

337 3141 371 3168 ‘⁶
387 3139 630 3208 Phoebe,
658 3141 841 3210 gravis
865 3141 1058 3198 Troiae
1081 3159 1298 3212 semper
1319 3143 1579 3196 miserate
1604 3141 1835 3207 labores,

334 3225 594 3280 Dardana
619 3229 710 3295 qui
736 3227 954 3282 Paridis
979 3229 1196 3283 derexti
1219 3229 1332 3283 tels
1353 3243 1655 3297 manusque

335 3311 551 3382 Corpus
573 3314 632 3366 in
656 3313 951 3383 Aeacidae,
979 3331 1207 3382 mugnus
1233 3314 1493 3368 obeuntia
1516 3319 1697 3368 terras

333 3397 440 3453 Tot
463 3399 638 3454 maria
659 3400 862 3454 intravi
887 3401 1027 3454 duce
1050 3405 1107 3454 te
1131 3401 1457 3469 penitusque
1482 3407 1731 3470 repostus

332 3481 632 3552 Massylum
661 3486 842 3553 gentis
864 3491 1258 3555 praetentaque
1285 3485 1539 3554 Syrtibus
1562 3503 1723 3554 arva3

2304 451 2374 503 25

2306 885 2375 935 30

2304 1317 2372 1368 85

2302 1751 2373 1802 40

2296 2622 2368 2675 50

2296 3489 2369 3542 60
