2725 3892
1007 208 1284 259 VERGILI
1327 208 1659 262 nmmos
1702 210 1764 261 X.

370 368 532 423 Haud
557 370 752 439 ignara
775 370 945 437 modi,
971 370 1220 440 puppim.
1299 370 1465 439 Fugit
1489 370 1585 426 illa
1607 388 1707 441 per
1736 372 1909 427 undas

371 456 537 511 Ocior
563 463 620 511 et
643 457 824 512 iaculo
850 462 906 511 et
932 465 1130 513 ventos
1151 462 1423 528 aequante
1446 460 1663 528 sagitta.

369 542 505 597 Inde
531 544 668 598 aliae
692 543 936 599 celerant
960 559 1168 598 cursus.
1245 544 1447 613 Stupet
1470 546 1675 599 inscius
1698 547 1817 615 ipse

369 628 505 682 Tros
530 628 913 697 Anchisiades,
940 629 1152 683 animos
1177 633 1363 683 tamen
1388 631 1575 683 omine
1600 630 1763 685 tollit.
2301 635 2407 685 250

369 714 508 769 Tum
534 716 778 771 breviter
802 732 1002 784 supera
1025 720 1314 785 aspectans
1337 732 1589 771 convexa
1612 724 1896 787 precatur,-

371 806 404 831 “
425 803 594 857 Alma
615 819 816 873 parens
839 802 1008 857 Idaea
1031 803 1211 872 deum,
1243 804 1332 857 cui
1358 802 1640 879 Dindyma
1662 804 1815 858 cordi

367 888 798 960 'turrigeraeque
823 890 988 943 urbes
1015 890 1292 959 biiugique
1318 890 1389 944 ad
1414 890 1573 944 frena
1596 890 1799 955 leones,

367 974 447 1030 Tu
471 977 611 1031 mihi
637 993 783 1031 nunc
805 993 1024 1046 pugnae
1047 975 1315 1047 princeps,
1343 982 1407 1030 tu
1434 978 1541 1031 rite
1564 978 1900 1048 propinques

366 1064 696 1133 Augurium,
724 1064 1144 1133 Phrygibusque
1171 1063 1318 1117 adsis
1340 1064 1498 1132 pede,
1526 1064 1668 1133 diva,
1696 1066 1995 1121 secund0.’'
2296 1071 2403 1123 255

366 1152 604 1206 Tantum
631 1152 846 1206 effatus.
921 1152 994 1206 Et
1017 1153 1232 1207 interea
1257 1152 1513 1223 revoluta
1535 1152 1733 1207 ruebat

365 1238 585 1293 Matura
606 1241 718 1294 iam
743 1238 868 1294 luce
891 1239 1025 1307 dies,
1053 1246 1385 1308 noctemque
1408 1240 1657 1307 fugarat:

364 1325 648 1397 Principio
672 1328 836 1381 sociis
859 1326 1043 1395 edicit,
1071 1328 1230 1395 signa
1251 1332 1564 1395 sequantur,

365 1415 554 1483 Atque
577 1415 790 1469 animos
815 1420 1010 1482 aptent
1033 1416 1214 1480 armia
1244 1430 1568 1483 pugnaeque
1594 1420 1795 1483 parent
1818 1431 1893 1470 se.

363 1500 590 1572 Iamque
615 1503 672 1555 in
699 1509 996 1571 conspectu
1020 1501 1259 1556 Teucros
1283 1502 1453 1556 habet
1476 1506 1534 1555 et
1560 1518 1660 1556 sua
1683 1506 1877 1565 castra,
2292 1507 2401 1575 2⁶9

364 1588 530 1643 Stans
553 1587 698 1643 celsa
721 1590 779 1641 in
805 1576 1006 1658 puppi:
1050 1589 1286 1659 clipeum
1313 1606 1441 1643 cum
1466 1588 1665 1655 deinde
1690 1589 1913 1643 sinistra

361 1674 581 1729 Extulit
606 1676 907 1729 ardentem.
984 1675 1293 1729 Clamorem
1321 1675 1392 1729 ad
1416 1676 1597 1730 sidera
1622 1676 1831 1730 tollunt

361 1762 710 1817 Dardanidae
737 1779 766 1815 e
791 1762 992 1829 muris;
1033 1778 1158 1831 spes
1183 1762 1373 1817 addita
1396 1764 1626 1817 suscitat
1648 1763 1788 1830 iras;

361 1849 494 1903 Tela
517 1865 682 1903 manu
705 1849 945 1903 iaciunt:
987 1849 1176 1919 quales
1199 1850 1303 1903 sub
1327 1850 1569 1905 nubibus
1592 1852 1729 1905 atris

361 1936 712 2003 Strymoniae
736 1935 871 1989 dant
895 1937 1052 2005 signa
1075 1952 1253 2005 grues,
1282 1942 1449 2006 atque
1474 1938 1703 1992 aethera
1724 1944 1953 1994 tranant
2292 1940 2397 1993 265

362 2023 500 2077 Cum
529 2023 730 2091 sonitu,
757 2022 1090 2092 fugiuntque
1115 2022 1294 2079 Notos
1319 2024 1559 2079 clamore
1585 2025 1845 2081 secundm

353 2094 442 2165 'At
465 2111 674 2164 Rutulo
699 2111 812 2178 regi
839 2110 1178 2181 ducibusque
1201 2128 1268 2166 ea
1291 2112 1435 2167 mira
1456 2113 1632 2168 videri

363 2198 636 2265 Ausoniis,
666 2197 844 2251 donec
867 2214 1054 2253 versas
1079 2199 1150 2252 ud
1173 2199 1340 2254 litora
1361 2202 1561 2271 puppis

359 2284 698 2355 Respiciunt,
727 2290 1020 2354 totumque
1047 2286 1229 2339 adlabi
1254 2286 1519 2341 classibus
1549 2304 1770 2358 aequor.

357 2372 539 2427 Ardet
563 2388 704 2441 apex
731 2372 912 2440 capiti,
943 2372 1232 2440 cristisque
1257 2390 1290 2425 a
1313 2374 1527 2427 vertice
1552 2374 1774 2428 flamma
2290 2378 2397 2432 270

357 2459 644 2529 Funditur,
674 2465 732 2513 et
757 2464 941 2512 vastos
967 2459 1134 2511 umbo
1159 2459 1336 2511 vomit
1362 2476 1561 2531 aureus
1586 2461 1753 2527 ignis:

356 2546 484 2601 Non
511 2562 680 2610 secus,
709 2562 772 2599 ac
797 2544 1007 2613 liquida
1029 2545 1075 2597 si
1101 2544 1318 2613 quando
1345 2552 1507 2599 nocte
1532 2537 1781 2600 cometae

355 2632 652 2702 Sanguinei
677 2631 910 2699 lugubre
939 2631 1155 2697 rubent,
1185 2637 1279 2685 aut
1304 2630 1479 2685 Sirius
1504 2633 1682 2700 ardor,

353 2720 456 2775 Ille
481 2720 630 2774 sitim
656 2718 988 2787 morbosque
1013 2718 1196 2775 ferens
1223 2718 1548 2773 mortalibus
1572 2719 1765 2788 aegris,

354 2806 616 2860 Nascitur
639 2810 698 2858 et
720 2804 880 2857 laevo
907 2804 1198 2859 contristat
1221 2804 1429 2859 lumine
1454 2806 1681 2859 caelum.
2126 2786 2183 2890 [ᾗ

353 2892 514 2946 Haud
542 2899 728 2946 tamen
753 2890 947 2945 audaci
974 2892 1164 2947 Turno
1187 2892 1392 2953 fiducia
1414 2893 1580 2947 cessit
2030 2896 2046 2926 r
2084 2846 2141 2941 lh

353 2978 544 3033 Litora
567 2978 898 3047 praecipere,
929 2984 986 3033 et
1009 2978 1286 3033 venientis
1311 2978 1519 3047 pellere
1541 2986 1709 3035 terra.
1855 3013 1887 3061 ss
1912 2936 2064 3050 απὸ

352 3064 539 3136 [Ultro
563 3064 775 3119 animos
799 3063 948 3119 tollit
975 3064 1154 3131 dictis,
1184 3070 1350 3133 atque
1376 3066 1627 3135 increpat
1652 3066 1827 3121 ultro:
1850 3068 1869 3136 ]

355 3156 388 3182 “
407 3152 567 3218 Quod
595 3152 737 3206 votis
761 3152 1008 3220 optastis,
1037 3153 1209 3219 adest,
1238 3152 1577 3221 perfringere
1600 3153 1831 3209 dextra:
1900 3143 1927 3159 ”’

355 3240 416 3295 lu
443 3240 692 3295 manibus
719 3238 866 3293 Mars
891 3240 1024 3308 ipse,
1054 3240 1174 3293 viri.
1249 3238 1415 3294 Nunc
1439 3240 1685 3309 coniugis
1705 3248 1825 3294 esto
2282 3247 2388 3297 :380

355 3328 592 3396 Quisque
617 3343 746 3381 suae
770 3328 1013 3396 tectique
1039 3342 1282 3393 metum-3
1323 3342 1471 3381 nunc
1494 3344 1693 3395 magna
1716 3329 1927 3383 referto

356 3414 534 3481 Facta,
565 3420 782 3483 patrum
809 3412 1014 3469 laudes.
1091 3409 1254 3467 Ultro
1278 3425 1634 3468 occurramus
1656 3415 1727 3469 ad
1748 3415 1965 3484 undam,

352 3500 496 3555 Dum
525 3501 740 3571 trepidi,
769 3502 1080 3571 egressique
1103 3500 1296 3555 labant
1323 3502 1553 3571 vestigia
1577 3502 1769 3571 prima.
