2725 3892
953 218 1229 270 VERGILI
1274 218 1603 270 AENEIDOS
1650 219 1711 269 X.

311 382 428 439 Ora
451 398 615 439 cruor

310 470 404 525 Sic
426 472 539 525 ruit
562 470 622 525 in
645 468 848 525 densos
873 468 1054 525 alacer
1076 468 1384 524 Mezentius
1408 468 1601 525 hostis.

309 556 590 611 Sternitur
613 556 808 611 infelix
834 557 1040 625 Acron,
1067 562 1126 610 et
1149 556 1403 631 calcibus³
1418 562 1595 611 atram
2246 558 2348 614 ’730

309 642 527 705 Tundit
540 643 770 697 humum
797 644 1096 712 exspirans,
1125 643 1476 713 infractaque
1500 644 1614 699 tela
1636 650 1907 726 cruentat.

307 731 498 799 Atque
522 729 668 784 idem
695 731 1003 799 fugientem
1027 730 1176 784 h'aud
1201 737 1287 785 est
1311 730 1569 798 dignatus
1593 731 1819 785 Oroden

307 816 588 885 Sternere,
619 833 724 871 nec
748 817 893 871 iacta
917 834 1139 872 caecum
1165 816 1300 871 dare
1325 817 1552 886 cuspide
1576 817 1803 886 volnus;

307 902 524 958 Obvius
547 903 888 973 adversoque
911 904 1169 970 occurrit,
1199 920 1366 972 seque
1390 904 1513 958 viro
1540 904 1627 959 vir

309 988 575 1058 Contulit,
605 989 753 1044 haud
777 991 931 1044 furto
955 978 1168 1058 melior,
1197 990 1292 1043 sed
1317 990 1559 1069 fortibus
1584 982 1767 1052 armis.
2242 994 2343 1049 ’785

252 1074 294 1109 7²
306 1076 448 1131 Tum
472 1094 638 1147 super
663 1078 940 1133 abiectum
967 1077 1152 1146 posito
1177 1077 1318 1145 pede
1341 1078 1507 1133 nixus
1530 1084 1587 1132 et
1610 1078 1802 1134 hasta:
1867 1109 1875 1115 ·

309 1166 344 1194 “
365 1164 504 1219 Pars
518 1164 656 1225 ,belli
683 1164 830 1219 haud
854 1164 1168 1237 temnends,
1197 1164 1320 1233 viri,
1344 1165 1495 1241 iacet
1517 1164 1661 1219 altus
1687 1166 1957 1221 Orodes.’‘

307 1251 674 1307 Conclamant
697 1253 830 1306 socii
855 1252 1062 1307 laetum
1087 1268 1302 1321 paeana
1325 1252 1515 1305 secuti.
1788 1240 1799 1255 ⁸

304 1338 409 1393 Ille
433 1346 618 1393 autem
643 1340 960 1408 exspirans:
1006 1340 1038 1367 “
1059 1338 1187 1393 Non
1211 1354 1318 1407 me,
1348 1338 1678 1408 quicumque
1703 1356 1777 1409 es,
1806 1340 1999 1410 inulto,

306 1425 522 1495 Victor,
551 1442 654 1480 nec
677 1425 905 1495 longum
930 1426 1237 1480 laetabere:
1277 1431 1336 1480 te
1361 1442 1579 1495 quoque
1604 1427 1717 1481 fata
2237 1430 2341 1487 740

302 1512 672 1581 Prospectant
695 1513 864 1587 paria,
895 1520 1058 1582 atque
1083 1512 1274 1567 eadem
1299 1530 1429 1567 mox
1453 1530 1587 1569 arva
1610 1514 1878 1571 tenebis.'’

304 1598 397 1653 Ad
425 1615 586 1668 quem
611 1599 899 1653 subridens
921 1600 1098 1654 mixta
1121 1599 1428 1655 Mezentius
1452 1601 1563 1657 ira:

307 1688 346 1715 “
360 1684 412 1739 N
417 1702 524 1741 uno
550 1702 782 1741 morere.
857 1688 970 1739 Ast
993 1686 1062 1739 de
1087 1703 1176 1741 me
1201 1687 1387 1741 divom
1413 1694 1571 1757 pater
1596 1693 1761 1757 atque
1786 1688 2075 1743 hominum
2102 1706 2198 1744 rex

301 1772 580 1827 Viderit.’‘
657 1774 778 1829 Hoc
803 1772 990 1827 dicens
1015 1774 1208 1828 eduxit
1229 1790 1465 1843 corpore
1486 1773 1693 1829 telum:

302 1858 418 1913 Olli
441 1860 583 1914 dura
606 1860 762 1929 quies
787 1860 976 1915 oculos
1001 1866 1058 1915 et
1081 1862 1292 1915 ferreus
1317 1866 1479 1930 urget
2234 1865 2337 1921 745

302 1948 574 2017 Somnus;
615 1950 675 2003 in
700 1940 980 2004 aeternam
1008 1949 1339 2005 clauduntur
1363 1950 1571 2004 lumina
1598 1956 1833 2005 noctem.

303 2034 576 2091 Caedicus
603 2038 940 2091 Alcathoum
969 2038 1282 2105 obtruncat,
1313 2036 1573 2091 Sacrator
1598 2038 1911 2107 Hydaspen,

302 2121 772 2193 Partheniumque
799 2124 962 2193 Rapo
989 2131 1045 2178 et
1070 2124 1403 2193 praedurum
1431 2125 1640 2178 viribus
1665 2124 1861 2192 Orsen,

299 2206 588 2279 Messapus
613 2210 977 2281 Cloniumque
1001 2210 1449 2281 Lycaoniumque
1472 2212 1747 2280 Ericeten‚

301 2294 466 2349 Illum
494 2296 722 2351 infrenis
747 2298 872 2368 equi
897 2299 1054 2368 lapsu
1081 2298 1279 2353 tellure
1301 2300 1593 2365 iacentem,
2231 2298 2337 2355 750

257 2381 470 2435 ‘Hunc
493 2383 736 2451 peditem
763 2386 964 2455 pedes.‚.
1022 2385 1097 2439 Et
1121 2376 1320 2453 Lycius
1345 2382 1690 2455 processerat
1714 2385 1885 2455 Agis3

301 2468 480 2533 Quem
505 2474 693 2525 tamen
715 2471 865 2526 haud
893 2488 1091 2541 expers
1115 2472 1354 2527 Valerus
1380 2473 1603 2527 virtutis
1625 2473 1808 2527 avitae

301 2554 518 2625 Deicit3
560 2563 618 2612 at
640 2558 940 2612 Thronium
968 2559 1162 2629 Salius,
1191 2559 1509 2629 Saliumque
1534 2558 1781 2629 Nealces,

301 2640 540 2711 Insignis
563 2644 740 2698 iaculo
763 2649 820 2698 et
844 2643 1008 2715 longe
1028 2646 1256 2701 fallente
1277 2648 1497 2715 sagitta.

371 2727 488 2783 Iam
513 2730 696 2799 gravis
721 2731 992 2799 aequabat
1015 2732 1196 2788 luctus
1219 2739 1274 2788 et
1299 2740 1494 2789 mutua
1516 2734 1739 2790 Mavors
2230 2734 2331 2789 ’755

299 2814 547 2884 Funera3
589 2816 894 2873 caedebant
919 2819 1128 2888 pariter
1153 2822 1465 2891 pariterque
1489 2820 1728 2875 ruebant

299 2898 561 2956 Victores
586 2904 842 2974 victique,
871 2920 1050 2974 neque
1075 2906 1162 2959 his
1186 2907 1320 2975 fuga
1343 2914 1492 2977 nota,
1524 2923 1703 2977 neque
1726 2906 1849 2961 illis.

297 2982 370 3041 Di
397 2986 546 3041 Iovis
570 2990 630 3043 in
653 2991 816 3045 tectis
840 2991 982 3046 iram
1005 2993 1340 3049 miserantur
1371 2995 1589 3050 inanem

297 3074 626 3143 Amborum,
655 3082 712 3131 et
736 3082 924 3131 tantos
947 3078 1274 3133 mortalibus
1297 3096 1417 3135 esse
1444 3080 1690 3135 labores:

301 3159 444 3215 Hinc
467 3160 684 3231 Venus,
713 3162 846 3217 hinc
869 3170 1066 3219 contra
1089 3170 1304 3233 spectat
1327 3165 1585 3220 Saturnia
1608 3166 1763 3221 Iuno,
2228 3165 2332 3222 ’760

297 3246 510 3302 Pallida
532 3247 832 3317 Tisiphone
855 3247 1041 3303 media
1062 3251 1210 3305 inter
1234 3251 1389 3306 milia
1412 3252 1603 3306 saevit*

294 3332 378 3388 At
401 3350 536 3389 vero
559 3336 840 3404 ingentem
867 3337 1122 3405 quatiens
1151 3338 1461 3392 Mezentius
1484 3338 1697 3392 hastam

293 3417 570 3476 Turbidus
591 3420 904 3490 ingreditur
927 3439 1140 3493 campo,
1217 3423 1397 3489 Quam
1422 3441 1655 3493 magnus
1678 3423 1868 3491 Orion,

295 3504 436 3561 Oum
461 3507 631 3577 pedes
651 3508 862 3564 incedit
885 3508 1054 3563 medii
1079 3526 1180 3578 per
1203 3510 1447 3565 maxima
1471 3508 1639 3565 Nerei
