2725 3892
984 180 1260 231 VERGILI
1303 179 1633 231 ammons
1678 180 1767 231 xl.

361 340 616 411 Imperat,
647 345 705 396 et
729 346 852 396 toto
875 342 1052 397 lectos
1075 358 1144 395 ex
1171 342 1391 410 agmine
1413 342 1591 397 mittit

358 430 510 485 Mille
539 432 697 499 viros,
728 430 818 500 qui
845 446 1162 500 supremum
1191 432 1526 487 comitentur
1552 431 1841 498 honorem,

358 514 728 584 Intersintque
756 514 926 582 patris
937 515 1207 615 ’laci-imis,
1234 515 1439 569 solacia
1464 514 1647 569 luctus

358 602 572 672 Exigua
597 592 849 670 Ingentis,
877 601 1078 655 misero
1105 601 1201 655 sed
1225 602 1414 655 debita
1437 601 1601 670 patri.

359 686 521 742 Haud
547 704 742 755 segnes
767 686 856 741 alii
882 688 1047 742 cratis
1071 693 1128 743 et
1153 688 1318 741 molle
1341 675 1610 743 feretrum

359 777 623 831 Arbnteis
649 780 847 829 texunt
869 776 1040 843 virg-is
1069 780 1126 829 et
1153 776 1356 829 vimine
1390 791 1617 845 querno,

357 863 790 930 Exstructosque
811 866 968 916 toros
993 861 1227 915 obtentu
1253 861 1467 917 frondis
1489 862 1826 919 inumbrant.

359 950 466 1005 Hic
489 949 745 1003 invenem
772 947 976 1017 agresti
999 948 1294 1002 sublimem
1323 950 1591 1003 stramine
1616 956 1860 1019 ponunt:

361 1036 592 1103 Qualem
615 1034 867 1103 virgineo
891 1034 1202 1089 demessum
1228 1034 1428 1103 pollice
1452 1034 1645 1091 florem

359 1124 470 1179 Seu
493 1124 676 1178 mollis
700 1124 894 1192 violae,
923 1141 1019 1180 seu
1043 1124 1356 1193 languentis
1380 1125 1685 1192 hyacinthi,

360 1212 464 1268 Oui
487 1226 665 1281 neque
689 1210 873 1280 fulgor
898 1211 1094 1280 adhuc,
1125 1229 1228 1267 nec
1255 1212 1391 1267 dum
1414 1229 1515 1267 sua
1536 1213 1718 1267 forma
1742 1212 2001 1277 recessim

340 1298 490 1354 =Non
515 1300 626 1353 iam
649 1304 828 1353 mater
853 1296 951 1353 alit
975 1298 1154 1364 tellus,
1183 1299 1426 1369 virisque
1450 1300 1743 1353 ministrat.

331 1380 338 1385 ’
360 1386 496 1440 Tum
523 1386 770 1454 geminas
792 1390 972 1438 vestes
999 1402 1242 1455 auroque
1271 1392 1531 1455 ostroque
1556 1386 1787 1455 rigentis

315 1501 331 1548 '.
359 1473 573 1528 Extulit
599 1474 830 1541 Aeneas,
862 1490 996 1543 quas
1022 1473 1113 1527 illi·
1127 1473 1276 1533 laeta
1299 1474 1555 1535 laborum

325 1595 340 1619 ι
359 1560 486 1631 Ipsa
510 1561 622 1614 suis
647 1560 919 1630 quondam
949 1560 1202 1619 manibus
1227 1560 1455 1615 Sidonia
1476 1560 1625 1615 Dido

357 1647 603 1725 Fecerat,
633 1652 690 1700 et
712 1648 867 1701 tenui
893 1647 1032 1701 telas
1059 1648 1401 1701 discreverat
1426 1663 1578 1701 auro.

271 1756 288 1773 ι
307 1712 569 1823 §.Harum
597 1752 761 1789 unam
789 1736 974 1789 iuveni
1001 1752 1320 1803 supremum
1346 1740 1587 1789 maestus
1612 1718 1881 1789 honorem

359 1822 562 1892 Induit,
593 1839 916 1892 arsurasque
941 1838 1128 1877 comas
1155 1821 1390 1876 obnubit
1415 1817 1650 1889 amictu,

359 1910 644 1981 Multaque
668 1917 955 1979 praeterea
979 1908 1268 1963 Laurentis
1294 1908 1541 1977 praemia
1566 1924 1782 1977 pugnae

359 1998 622 2067 Aggerat,
653 2004 710 2053 et
733 1998 902 2067 longo
929 1996 1189 2067 praedam
1216 1995 1371 2051 iubet
1399 1995 1591 2049 ordine
1614 1995 1759 2049 duci.

359 2085 537 2140 Addit
561 2102 730 2159 equos
755 2090 812 2139 et
837 2084 959 2153 tela,
993 2084 1191 2153 quibus
1217 2082 1549 2153 spoliaverat
1570 2080 1807 2135 hostem.

360 2172 636 2228 Vinxerat
659 2178 717 2227 et
741 2178 866 2242 post
891 2178 1049 2240 terga
1075 2187 1280 2236 manus,
1311 2186 1449 2239 quos
1472 2170 1723 2223 mitteret
1750 2167 1959 2221 umbris

359 2259 605 2329 Inferias,
635 2274 794 2315 caeso
820 2271 1107 2329 sparsurus
1133 2258 1400 2339 sanguine
1425 2256 1735 2321 flammam3

360 2346 698 2415 Indutosqne
721 2346 877 2403 iubet
901 2351 1126 2401 truncos
1153 2327 1445 2398 hostilibus
1471 2343 1637 2397 armis

361 2433 516 2504 Ipsos
541 2435 684 2487 ferre
708 2433 890 2499 duces,
918 2433 1248 2501 inimicaque
1274 2432 1501 2485 nomina
1523 2428 1635 2499 figi.

295 2512 594 2574 'Ducitur
618 2520 810 2574 infelix
835 2537 971 2575 aevo
998 2520 1286 2576 confectus
1315 2518 1569 2585 Acoetes,

359 2606 594 2663 Pectora
616 2624 764 2663 nunc
787 2608 1016 2663 foedans
1042 2608 1256 2677 pugnis,
1285 2622 1437 2659 nunc
1464 2604 1741 2673 unguibus
1764 2618 1897 2671 στας

361 2693 652 2763 Sternitur,
683 2700 739 2749 et
759 2702 881 2750 toto
905 2694 1182 2765 proiectus
1211 2708 1445 2763 corpore
1470 2696 1669 2745 terrae.

361 2778 585 2837 Ducunt
609 2786 665 2837 et
689 2782 898 2838 Rutulo
923 2782 1182 2853 perfusos
1209 2781 1475 2849 sanguine
1502 2794 1711 2845 currus.

360 2866 496 2922 Post
519 2868 756 2925 bellator
779 2886 964 2940 equus,
995 2869 1192 2939 positis
1217 2868 1543 2937 insignibus,
1570 2864 1811 2932 Aethon,

360 2954 413 3009 It
434 2956 742 3028 lacrimans,
772 2957 1052 3027 guttisque
1079 2960 1322 3009 umectat
1347 2953 1650 3024 grandibus
1674 2968 1790 3006 ora.

359 3037 590 3099 Hastam
613 3046 705 3100 alii
729 3044 1051 3115 galeamque
1077 3044 1301 3107 ferunt3
1345 3058 1473 3095 nam
1502 3046 1689 3094 cetera
1712 3038 1929 3091 Turnus

361 3128 558 3200 Victor
583 3130 766 3185 habet.
840 3128 978 3183 Tum
1002 3134 1218 3183 maesta
1240 3126 1483 3197 phalanx
1510 3124 1815 3193 Teucrique
1840 3128 2144 3192 sequuntur

359 3215 738 3286 Tyrrhenique
765 3231 955 3271 omnes
979 3224 1038 3269 et
1066 3214 1236 3268 versis
1260 3213 1510 3268 Arcades
1534 3212 1719 3265 armis.

358 3302 656 3371 Postquam
685 3302 864 3356 omnis
887 3301 1052 3369 longe
1077 3302 1342 3355 comitum
1370 3302 1713 3369 processerat
1739 3296 1891 3361 ordo,

359 3388 620 3441 Substitit
642 3388 876 3455 Aeneas,
906 3387 1224 3455 gemituque
1247 3386 1386 3440 haec
1410 3382 1623 3439 addidit
1648 3382 1792 3436 alto:

363 3475 397 3503 “
417 3470 538 3527 Nos
561 3472 696 3527 alias
719 3472 849 3526 hine
877 3472 944 3525 ad
969 3470 1223 3539 lacrimas
1247 3470 1440 3525 eadem
1464 3466 1691 3524 horrida
1716 3467 1847 3521 belli

2328 347 2401 399 60

2328 780 2397 831 65

2328 1211 2397 1267 'Io

2328 1644 2397 1701 75

2330 2084 2401 2133 80

2332 2953 2403 3005 90

2331 3383 2399 3452 95
