2725 3892
929 147 1204 200 VERGILI
1249 147 1579 200 ammos
1622 147 1765 200 vm.

325 307 552 378 Pallida,
579 307 664 362 dis
689 307 881 377 invisa,
911 325 1181 379 superque
1205 309 1447 364 immane
1472 309 1793 374 barathrum

229 405 242 420 ·
325 395 611 464 Cernatur‚
641 395 1026 467 trepidentqne
1050 395 1294 450 immisso
1317 394 1528 451 lumine
1552 395 1757 451 Manes.

323 481 536 552 Ergo
495 483 776 550 insperata
799 484 1132 551 deprensum
1159 483 1218 535 in
1243 482 1366 547 luce
1391 481 1631 552 repente'

323 567 711 638 Inclusumque
735 585 872 622 cavo
898 585 1031 622 saxo
1057 577 1221 638 atque
1246 569 1463 622 insueta
1487 569 1775 622 rudentem

320 654 575 724 Desuper
597 654 827 708 Alcides
851 654 980 708 telis
1003 655 1222 753 premit,
1252 656 1545 724 omniaque
1568 671 1723 711 arma

321 741 596 808 Advocat,
625 747 683 795 et
707 742 874 796 ramis
897 741 1178 809 vastisque
1203 740 1509 796 molaribus
1532 741 1719 796 instat.

321 826 424 882 Ille
447 833 883 896 autem—neque
908 827 1053 880 enim
1079 825 1246 896 fuga
1233 844 1342 882 iam
1371 844 1537 896 super
1560 828 1675 882 ulla
1696 829 1962 906 pericli-5-

320 913 596 969 Faucibus
615 915 896 982 ingentem
920 915 1146 982 fumum,
1175 914 1427 968 mirabile
1448 914 1615 981 dictu,

319 999 549 1057 Evomit
571 999 916 1070 involvitque
941 1000 1164 1054 domum
1191 1001 1425 1070 caligine
1448 1017 1628 1070 caeca,

320 1087 680 1157 Prospectum
709 1087 948 1158 eripiens
973 1086 1158 1154 oculis,
1187 1087 1565 1157 glomeratque
1588 1089 1691 1143 sub
1714 1093 1878 1178 antro

320 1173 656 1230 Fumiferam
681 1179 904 1228 noctem
931 1173 1244 1228 commixtis
1267 1173 1399 1243 igne
1424 1173 1683 1256 tenebris.

321 1260 452 1316 Non
475 1259 605 1330 tum
628 1259 854 1314 Alcides
877 1259 1088 1327 animis,
1119 1277 1286 1330 seque
1307 1261 1428 1330 ipse
1452 1276 1571 1330 per
1576 1261 1761 1346 ignem

321 1347 618 1418 Praecipiti
643 1347 772 1401 iecit
797 1346 957 1417 saltu,
986 1363 1108 1416 qua
1099 1347 1388 1416 plurimus
1410 1347 1615 1403 undam

319 1435 528 1490 Fumus
549 1433 665 1502 agit
690 1433 1035 1503 nebulaque
1018 1449 1214 1502 ingens
1237 1449 1433 1504 specus
1458 1432 1677 1490 aestuat
1695 1431 1834 1491 atri.

321 1521 428 1576 Hic
455 1521 700 1575 Cacum
685 1537 744 1574 ιιι
769 1520 1014 1576 tenebris
1035 1519 1295 1576 incendia
1317 1535 1463 1575 vana
1486 1527 1803 1578 vomentem

321 1611 603 1681 Corripit'
588 1629 648 1666 ιιι
673 1611 878 1667 nodum
907 1611 1238 1681 complexus,
1271 1618 1328 1666 et
1351 1613 1508 1680 angit
1530 1611 1823 1666 inhaerens

319 1697 499 1752 Elisos
523 1699 714 1755 oculos
739 1704 796 1753 et
821 1698 1027 1754 siccum
1053 1699 1318 1768 sanguine
1343 1703 1555 1767 guttur.

319 1783 588 1838 Panditur
613 1785 894 1855 extemplo
921 1785 1138 1839 foribus
1161 1785 1366 1838 domus
1390 1789 1512 1839 atra
1534 1784 1783 1850 revulsis,

322 1871 756 1942 Abstractaeque
781 1873 950 1928 boves
975 1872 1364 1941 abiurataeque
1388 1872 1615 1942 rapinae

321 1959 487 2014 Caelo
513 1959 894 2026 ostenduntur,
923 1959 1262 2029 pedibusque
1287 1959 1525 2014 informe
1548 1958 1782 2014 cadaver

319 2046 688 2106 Protrahitur.
763 2048 1062 2119 Nequeunt
1085 2049 1294 2119 expleri
1319 2049 1489 2104 corda
1510 2047 1721 2103 tuendo

319 2134 603 2210 Terribilis
627 2135 832 2205 ocu105,
859 2137 1073 2192 voltum
1098 2135 1401 2208 villosaque
1426 2137 1591 2190 saetis

317 2219 556 2276 Pectora
579 2222 823 2277 semiferi
851 2229 1015 2293 atque
1041 2224 1342 2278 exstinctos
1365 2223 1619 2277 faucibus
1642 2221 1801 2291 ignis.

318 2305 402 2360 Ex
427 2308 524 2362 illo
548 2309 854 2363 celebratus
877 2309 1073 2378 honos,
1103 2299 1342 2378 laetique
1366 2309 1609 2363 minores

319 2395 810 2462 Servaverediem,
839 2392 1156 2464 primusque
1179 2395 1421 2449 Potitius
1446 2399 1640 2467 auctor

317 2481 392 2536 Et
415 2480 610 2536 domus
633 2481 897 2536 Herculei
923 2487 1108 2535 custos
1131 2479 1354 2535 Pinaria
1378 2479 1520 2534 sacri

320 2569 478 2623 Hanc
501 2585 654 2625 aram
680 2567 806 2622 luco
825 2567 1040 2638 statuit,
1063 2583 1204 2636 quae
1228 2565 1472 2622 Maxima
1495 2581 1709 2636 semper

317 2654 549 2710 Dicetur
571 2655 749 2723 nobis,
777 2659 834 2709 et
858 2654 967 2707 erit
992 2669 1132 2723 quae
1155 2653 1400 2709 maxima
1422 2667 1653 2721 semper.

318 2742 501 2808 Quare
525 2743 687 2812 agite,
717 2757 752 2794 o
775 2741 1018 2808 iuvenes,
1045 2744 1328 2794 tantarum
1348 2739 1409 2793 in
1432 2754 1657 2792 munere
1680 2736 1905 2793 laudum

317 2829 537 2898 Gingite
561 2826 756 2882 fronde
781 2843 967 2882 comas
991 2832 1050 2880 et
1071 2825 1270 2896 pocula
1291 2826 1508 2895 porgite
1533 2825 1745 2882 dextris

318 2913 788 2982 Communemque
813 2917 1008 2966 vocate
1025 2905 1198 2984 'deum
1225 2916 1282 2966 et
1306 2912 1437 2968 date
1460 2913 1592 2967 vina
1614 2910 1922 2966 volentes.”

315 2999 565 3068 Dixerat,
595 2998 867 3053 Herculea
889 2999 1099 3056 bicolor
1124 3015 1248 3054 cum
1265 2999 1509 3091 populus
1532 2999 1730 3054 umbra

317 3085 652 3155 Velavitque
677 3101 862 3139 comas
885 3083 1143 3154 foliisque
1168 3072 1385 3140 innexa
1398 3085 1673 3155 pependit,

316 3173 389 3226 Et
411 3189 564 3228 sacer
589 3171 840 3240 implevit
864 3170 1114 3226 dextram
1141 3172 1397 3242 scyphus.
1472 3171 1640 3226 Ocius
1664 3187 1857 3226 omnes

317 3259 384 3313 In
408 3275 654 3316 mensam
673 3257 806 3313 laeti
829 3257 1006 3312 libant
1029 3258 1296 3328 divosque
1323 3263 1635 3328 precantur.

386 3345 616 3414 Dextexo
641 3346 854 3400 interea
876 3345 1104 3414 propior
1129 3346 1191 3399 fit
1215 3345 1432 3414 Vesper
1458 3345 1713 3414 Olympo,

315 3431 542 3501 Iamque
566 3433 878 3488 sacerdotes
901 3433 1220 3501 primusque
1245 3431 1485 3486 Potitius
1506 3431 1683 3500 ibant,

2254 311 2358 364 245

2250 745 2355 818 eso

2249 1179 2353 1232 255

2248 1614 2353 1665 260

2246 2049 2349 2100 265

2242 2479 2351 2534 270

2244 2912 2348 2967 275

2244 3345 2349 3397 280
